4922 6264
1816 555 1888 634 au
2026 535 2029 540 ’

216 795 221 804 .
326 721 364 830 §.
392 736 474 814 aaa.
503 727 702 824 'Rigorem
718 723 820 800 hunc
838 719 877 797 in
895 717 1051 803 mallresr
1074 743 1165 820 pura
1189 719 1340 806 omnino
1355 717 1608 811 necesarium,
1631 724 1743 820 atque
1767 737 1888 796 unum

216 893 276 954 -ex
300 872 455 972 propriis
471 869 588 971 'ipsius
617 863 889 948 charasleribus
917 861 1223 960 constituentem,
1254 864 1517 966 applicationes
1543 861 1627 963 ejus
1650 864 1699 941 ad
1723 860 1886 962 objeua,

225 1037 381 1112 quorum
405 1013 569 1109 cognitio
589 1011 636 1086 ab
656 1005 823 1085 sensuum
846 999 1054 1080 testimonio
1069 1008 1207 1106 pendet
1240 1005 1340 1100 (five
1365 1007 1413 1083 ad
1435 1016 1533 1082 artes
1557 1005 1783 1106 pertineant,
1811 1003 1886 1086 five
1913 1039 1920 1053 ·

206 1157 273 1264 'ad
289 1155 499 1248 scientias),
525 1176 600 1228 non
619 1150 739 1229 solum
757 1172 832 1224 non
848 1147 1029 1246 exigunt5
1062 1145 1124 1226 sed
1149 1146 1189 1226 dt
1206 1145 1478 1226 assellationem
1495 1149 1594 1240 illius
1614 1159 1658 1226 ut
1675 1149 1888 1256 superuaca·
1955 1225 1957 1232 ,

218 1323 347 1388 neam,
372 1299 463 1398 quin
482 1297 575 1398 saepe
593 1291 745 1372 noxiam
762 1291 1025 1392 respuunt'(a)
1074 1292 1269 1370 Certitudo
1283 1288 1548 1369 mathematica
1562 1277 1609 1370 ab
1627 1293 1887 1374 constitutione
1970 1265 1973 1272 ⁴

222 1463 446 1536 organorum
465 1439 667 1518 nostrorum
692 1435 945 1541 independens
970 1436 1175 1516 debet'eiie
1195 1434 1380 1514 absoluta:
1419 1431 1622 1534 cognitioni
1640 1437 1771 1518 nostrae
1790 1439 1890 1542 phy·
2005 1459 2015 1470 ‘

112 1673 118 1684 Ι
221 1579 323 1668 ficae,
348 1587 402 1680 ab,
413 1585 536 1662 indole
553 1581 720 1664 sensuum
734 1579 938 1658 nostrorum
956 1579 1152 1680 pendenti,
1183 1576 1481 1682 semperaiiquid
1499 1578 1593 1656 labis
1610 1581 1817 1659 adhaerebit
1836 1583 1884 1662 ab

204 1721 487 1834 ‚unperfetuone
512 1747 736 1830 organorum
764 1720 986 1812 nostrorum,
1022 1731 1212 1826 utcunque
1243 1719 1556 1817 exercitatorum,
1591 1722 1630 1802 dc
1664 1743 1884 1822 quacunque

216 1878 296 1944 arte
328 1869 553 1969 adjutorum.
621 1869 916 1952 ‘translationem
942 1863 1233 1946 abstrastionum·
1254 1863 1604 1943 mathematicorum
1638 1866 1688 1943 ad
1714 1865 1890 1944 scientiae

212 2009 382 2108 physicas
400 2015 532 2092 harum
556 2013 757 2116 progressui
780 2007 926 2088 officere
951 2008 1048 2110 posse
1074 2008 1304 2110 experientia
1322 2007 1498 2090 testatur:
1524 2013 1624 2113 quod
1642 2009 1883 2112 comproban-

213 2153 307 2230 tium
330 2159 584 2258 exemplorum
604 2181 723 2260 pauco
738 2156 961 2234 exstantiora
979 2152 1183 2232 recensebo.
1881 2238 1891 2243 κ

166 2293 175 2306 ’
313 2297 444 2384 Quoad
465 2302 697 2398 ¹objesiorum
722 2298 871 2378 tautum
894 2299 1120 2377 terrestrium
1147 2295 1186 2372 dc
1214 2295 1315 2372 lunae
1344 2289 1525 2374 distantiae
1555 2298 1605 2374 ad
1630 2297 1887 2418 indagandam,

213 2437 452 2518 velocitatem
479 2445 573 2520 lucis
594 2446 855 2548 suppetebant3
892 2442 1132 2521 determinari
1156 2437 1258 2516 haud
1279 2437 1402 2536 potuit
1422 2449 1589 2539 tempus,
1624 2461 1698 2538 quo
1724 2439 1790 2515 iux
1814 2439 1880 2516 da·

213 2590 294 2659 tum
319 2583 475 2683 spatium
496 2591 684 2666 emetitur.
744 2587 853 2682 Unde
873 2590 1015 2690 judicio
1037 2581 1219 2686 praecipiti
1239 2579 1384 2658 illattun
1406 2579 1495 2672 suit,
1520 2579 1643 2660 lucem
1665 2581 1780 2684 spatio
1800 2579 1879 2658 cui·
2022 2621 2025 2624 ·

211 2743 358 2820 cunque
382 2730 595 2808 emetieodo
616 2732 760 2808 nullum
785 2731 1001 2832 impendere
1024 2740 1173 2826 tempus
1179 2747 1192 2817 ς
1227 2721 1407 2800 velocitas
1430 2720 1513 2822 ejus
1539 2725 1781 2826 pronunciata
1804 2724 1877 2800 fuit

210 2862 375 2943 infinita:
409 2871 674 2970 explicationes
693 2873 778 2950 fasti
803 2872 919 2971 hujus
937 2871 1039 2946 nullo
1051 2867 1219 2940 ‘vellicati
1237 2864 1351 2936 dubio
1370 2863 1519 2940 traditae
1536 2866 1706 2957 suerunt;
1739 2867 1874 2963 quibus

209 3005 414 3087 etiamnum
435 3011 689 3113 adstipulatnri
704 3015 878 3097 essemus,
903 3005 970 3082 nis1
994 3002 1264 3088 observationes
1281 3001 1320 3078 in
1335 2975 1547 3103 corporibus
1568 3004 1681 3103 longe
1698 2997 1874 3084 remotio·

208 3149 310 3228 ribus
330 3154 507 3230 institutae
525 3154 656 3228 falsum
678 3150 773 3237 elie,
793 3150 893 3246 quod
913 3147 1174 3252 explicandum
1195 3142 1424 3238 sumebatur,
1451 3135 1665 3226 docuissent

124 3389 127 3394 Ι
309 3293 369 3368 Ex
389 3304 591 3394 apparente
611 3293 852 3370 diretlionum
870 3294 1040 3393 gravium
1065 3311 1196 3391 parum
1216 3290 1377 3368 invicem
1399 3272 1612 3368 distantium
1627 3293 1873 3394 parallelismo

203 3433 411 3533 superficies
434 3433 577 3511 telluris
600 3436 663 3516 diu
682 3439 788 3538 plana
806 3437 878 3514 suit
899 3435 1084 3535 judicata:
1122 3432 1170 3508 ad
1192 3431 1463 3510 rotunditatem
1486 3444 1597 3512 terrae
1620 3433 1872 3516 stabiliendam

201 3577 296 3676 alius
315 3545 461 3690 generis
480 3578 792 3659 observationibus
809 3601 902 3681 opus
918 3577 1007 3668 suit,
1032 3544 1429 3678 quae'phuosophorum
1447 3576 1574 3654 oculos
1590 3577 1706 3688 serius,
1717 3581 1870 3660 demum

195 3719 443 3822 perculerunt.
1082 3809 1086 3815 ,
1690 3827 1694 3838 ¹

205 3867 212 3882 '
300 3865 361 3942 Ex
386 3859 537 3943 sensibili
551 3843 766 3965 ¹ponderum
793 3885 986 3966 corporum
1010 3865 1059 3943 ad
1082 3860 1271 3940 distantias
1292 3880 1424 3962 parum
1447 3862 1607 3946 diversas
1631 3861 1866 3968 asuperiicie

201 4009 347 4089 telluris
380 4007 592 4108 aequalitate
621 4005 687 4082 diu
715 4006 842 4086 inferri
874 4007 1061 4090 consuevit
1090 4006 1283 4108 aequalitas
1318 4005 1470 4084 astionis
1504 4005 1621 4087 causae
1650 4009 1866 4108 movinus:

202 4151 321 4245 donec
337 4143 488 4252 phybca
511 4150 672 4228 exustior
691 4149 889 4230 testimonii
910 4152 1076 4230 sensuum
1099 4133 1339 4232 aestimatione
1364 4149 1640 4229 accuratiori&
1656 4151 1867 4236 discuiiione
1972 4229 1975 4234 ,

199 4288 530 4398 phaenomenorum
552 4293 767 4372 immediate
784 4293 856 4374 illis
877 4295 980 4374 haud
999 4297 1191 4380 obviorum
1215 4293 1424 4397 opinionem
1446 4291 1544 4371 hauc
1558 4291 1708 4374 delevit.

1772 4435 1861 4516 m
2002 4380 2006 4386 ,

240 4604 300 4692 (a)
320 4603 621 4674 Animadverfiones
637 4585 930 4694 in‘applicationem
944 4608 1120 4678 madreieos
1134 4607 1175 4674 ad
1192 4605 1353 4694 physicam
1371 4603 1481 4692 Capite
1501 4605 1566 4673 hoc
1586 4609 1724 4688 traditae,
1746 4613 1864 4695 pariter

321 4733 358 4778 ac
376 4709 583 4776 dedustiones
601 4711 757 4797 expositae
782 4713 891 4802 Capite
908 4718 981 4785 XII.
999 4715 1232 4791 Dissertationis
1250 4731 1352 4780 meoet
1385 4707 1595 4798 Exposition
1607 4711 1678 4780 des
1695 4713 1864 4803 principes

323 4815 385 4883 des
397 4814 522 4881 carcub
535 4814 739 4904 superstare,
768 4823 953 4890 conformes
969 4823 1042 4892 sunt
1057 4819 1230 4898 dostrinis,
1259 4839 1334 4905 quas
1353 4838 1398 4885 ex
1414 4838 1472 4884 ore
1493 4819 1568 4885 Dni.
1587 4815 1743 4886 LnSnnu
1757 4821 1863 4897 bauli,

230 5013 236 5024 Ι
323 4941 388 5010 quo
399 4933 542 5006 tempore
558 4921 656 4991 studia
670 4947 740 4994 mea
752 4929 967 5032 philosophica
980 4929 1015 4998 δι
1029 4927 1248 4996 mathematica
1263 4921 1379 4996 afferto
1391 4934 1526 5012 paterno
1541 4925 1678 5011 regebat.
1698 4924 1773 4994 Vid.
1784 4925 1861 4994 Disi'.

326 5030 382 5097 cit.
403 5029 488 5098 Nota
505 5047 538 5113 p.
556 5047 627 5099 210.
1740 5043 1753 5084 ’-

975 5134 1109 5212 'fit
