4920 6296
565 477 643 554 ³¹88

573 643 644 722 bus
668 640 842 731 stabilita,
867 639 1101 717 eademvera
1123 639 1174 718 est
1195 651 1261 742 p'ro
1282 643 1352 720 alia
1369 650 1587 743 quacunque
1609 635 1704 722 resia
1711 664 1723 737 3
1759 639 1833 720 sive
1854 650 2020 720 transeat
2041 663 2107 742 per
2131 665 2225 744 pun·

464 768 468 784 ’
574 782 672 860 sium
693 781 863 858 occursus
879 781 1059 882 priorum,
1083 782 1157 860 srve
1178 807 1262 858 non.
1454 874 1456 878 .
1506 763 1510 777 ’
1774 801 1776 804 ·

421 913 423 920 ’
652 919 866 1020 *Observatio-
915 921 958 998 In
985 923 1190 998 enunciatis
1217 923 1510 1035 praecedentibus
1541 923 1721 1024 supposui,
1746 926 1879 1024 punita
1908 925 1995 1004 data
2027 923 2149 1023 jacere
2177 928 2225 1006 ad

559 1070 724 1148 -easdem
742 1077 866 1167 partes
884 1063 1014 1150 restae,
1039 1064 1208 1158 inquam
1232 1065 1489 1164 perpendicula
1510 1079 1682 1164 aguntur.
1733 1067 1775 1144 Si
1792 1065 1896 1156 secus
1915 1065 2044 1143 suerit:
2069 1045 2223 1152 mutatis

547 1287 550 1292 ,
571 1214 683 1311 fignis
704 1206 1047 1314 perpendiculorum
1070 1227 1117 1278 ex
1138 1204 1277 1304 punitis
1294 1207 1342 1282 ad
1363 1207 1520 1284 diversas
1544 1207 1715 1306 ejusdem
1735 1207 1843 1286 restae
1861 1221 1983 1307 partes
2001 1205 2075 1280 srtis
2093 1207 2223 1283 demis·
2287 1171 2294 1180 Ι

508 1451 511 1458 Δ
566 1359 692 1462 sorum
700 1378 711 1450 ;
738 1369 968 1452 quaecunque
988 1345 1035 1420 de
1056 1345 1195 1422 summa
1220 1348 1315 1424 ditia
1336 1349 1503 1438 fuerunt,
1540 1352 1768 1450 applicantur
1793 1349 1966 1436 excessui,
1990 1371 2066 1446 quo
2083 1348 2222 1426 summa
2295 1405 2297 1414 .

564 1495 884 1596 resiangulorum,
904 1464 1045 1588 punitis
1069 1490 1114 1565 ab
1134 1512 1207 1566 una
1236 1488 1349 1590 hujus
1376 1495 1485 1570 lineae
1514 1510 1616 1592 parte
1638 1494 1713 1571 srtis
1734 1489 2048 1594 respondentium,
2079 1490 2223 1590 superat

386 1748 388 1755 Ι
448 1747 452 1756 .
570 1643 751 1722 summam
766 1635 1001 1731 reliquorum.
1059 1627 1140 1718 Quo
1161 1630 1302 1706 monito
1324 1635 1518 1730 praemisso,
1545 1638 1581 1712 in
1604 1637 1834 1735 sequentibus
1858 1634 1993 1732 pariter
2018 1631 2066 1708 de
2087 1631 2223 1708 summa

451 1757 454 1761 ⁵
571 1795 718 1866 tantum
737 1780 859 1856 dicere
880 1767 1049 1859 sufficiet3
1075 1767 1175 1866 quasi
1194 1772 1316 1848 omnia
1338 1777 1470 1874 punita
1493 1779 1541 1856 ad
1561 1780 1711 1855 easdem
1733 1777 1858 1864 restae,
1882 1774 1920 1850 in
1943 1796 2055 1874 quam
2070 1797 2224 1874 perpen-

572 1929 696 2012 dicula
715 1931 894 2020 aguntur,
918 1921 1041 2011 partes
1059 1907 1234 2006 jacerent

670 2065 710 2172 §.
741 2072 820 2142 126.
872 2055 914 2132 In
929 2052 1145 2128 Mechanica
1162 2051 1380 2136 ostenditur:
1407 2063 1582 2164 publium
1602 2040 1640 2138 ἶ
1662 2083 1856 2140 commune
1875 2057 1945 2134 else
1965 2057 2136 2152 gravitatis
2156 2079 2222 2130 crn-

572 2240 657 2299 rrum
684 2180 843 2288 totidem
870 2194 1064 2276 massarum
1085 2216 1123 2285 u,
1151 2197 1189 2282 b,
1216 2222 1249 2285 c,
1275 2249 1283 2268 .
1310 2249 1319 2268 .
1345 2205 1406 2290 .1,
1447 2225 1603 2300 quarum
1631 2201 1853 2298 singularum
1876 2216 2002 2278 centra
2032 2199 2223 2294 gravitatis

556 2365 641 2446 'smt
665 2360 718 2445 A,
752 2352 805 2437 B,
830 2345 878 2432 C,
912 2386 997 2434 ω,
1017 2340 1068 2418 la.
1121 2338 1203 2426 Qua
1227 2339 1408 2437 punstiZ
1437 2344 1739 2423 denominatione¹
1766 2343 1826 2420 hic
1853 2346 1972 2422 etiam
2006 2342 2223 2440 (brevitatis

552 2487 700 2594 caus.)
723 2493 783 2573 uti¹
798 2491 927 2568 liccat..
1219 2589 1222 2594 ,
1420 2583 1423 2590 ,
1883 2572 1888 2576 Π
2052 2583 2057 2594 .

669 2605 798 2736 ltapue
822 2627 1002 2737 punitum,
1024 2619 1140 2701 reeta
1161 2623 1424 2717 magnitudine·
1446 2595 1545 2706 datae
1568 2631 1741 2738 medium
1759 2625 1809 2702 est
1837 2638 2005 2702 centrum
2032 2623 2222 2721 gravitatis
2338 2701 2344 2711 ,
2455 2557 2457 2704 i

571 2780 841 2885 hujus-lineae,
870 2768 908 2848 ἀ
931 2765 1154 2870 superficies,
1186 2788 1304 2864 quam.
1323 2766 1420 2843 reita
1443 2770 1700 2865 magnitudine
1730 2769 1817 2844 data
1842 2764 1937 2841 circa
1961 2789 2072 2842 axem
2095 2769 2244 2864 quem·'

570 2931 667 3012 libet.
684 2917 859 3000 ‘revoluta‘
880 2919 1056 3008 generat,
1086 2907 1246 3012 aequalis,
1263 2907 1317 2988 est,
1334 2910 1545 3008 retiangulo
1574 2912 1636 2990 sub
1661 2914 1740 2990 hac,
1761 2909 1862 2986 reita
1878 2907 1916 2982 δι
1941 2905 2010 2994 sub¹
2030 2907 2221 2985 circurnfe·

521 3058 524 3068 ’
569 3069 717 3154 tentia,
733 3081 850 3165 quam.
863 3064 1039 3129 centrum
1054 3050 1254 3146 gravitatis
1264 3047 1347 3152 ejus
1364 3056 1553 3136 rotatione:
1569 3056 1646 3134 hac.
1661 3053 1847 3132 describit..
2110 3072 2124 3078 “

667 3203 768 3288 Item¹
777 3185 951 3270 centrum
967 3189 1103 3286 figurae
1115 3187 1289 3285 cujusvis:
1302 3193 1503 3294 retiangnli
1524 3196 1698 3300 ¹srmnl'est
1718 3194 1801 3294 ejus
1816 3201 1983 3269 centrum
2007 3187 2218 3286 gravitatis,·
2292 3209 2295 3214 ¹

569 3341 738 3426 &solida
751 3328 1241 3426 rotationeretiangulorum
1253 3333 1354 3414 circa
1366 3357 1457 3414 axes
1476 3307 1733 3440 quoscunque,
1750 3333 1814 3408 uni
1829 3355 1876 3404 ex
1896 3330 2072 3409 lateribus
2091 3327 2217 3406 eorum

567 3480 785 3592 parallelos,
805 3473 937 3576 genita:
956 3471 1045 3554 sunt¹
1066 3475 1110 3553 in¹
1130 3473 1279 3548 ratione
1292 3477 1490 3575 composita
1513 3502 1561 3553 ex
1584 3453 1973 3568 rationibus-‚ipsorum
1992 3470 2219 3567 restangulo·
2242 3465 2244 3468 ’

457 3629 460 3634 ’
565 3625 650 3708 rum
669 3634 780 3722 atque
802 3613 1205 3701 circumferentiarum,
1222 3619 1313 3712 quas
1336 3639 1469 3695 earum,
1482 3627 1611 3693 centra
1633 3613 1825 3714 gravitatis
1842 3595 2068 3690 describunt..

662 3729 748 3849 Sint
769 3761 958 3865 quotlibet·
968 3755 1084 3835 restae
1099 3754 1145 3834 in
1160 3757 1295 3858 eodem
1310 3759 1428 3862 plano»
1445 3756 1622 3862 positione,
1640 3781 1685 3836 ac
1710 3753 1967 3854 magnitudine
1993 3754 2108 3846 datae,
2133 3775 2217 3853 quae
2245 3731 2247 3736 ⁵

564 3910 670 3989 srmul
690 3909 784 3984 circa
811 3923 921 3978 axem
943 3896 1151 4002 quemlibet·
1167 3898 1422 3980 revolvantur..
1472 3903 1517 3980 ln
1545 3900 1686 4002 ponetis
1716 3897 1902 3974 retiatum,
1924 3869 2217 3976 harummediis

562 4053 750 4155 fingantur
776 4043 902 4126 massae
923 4038 1079 4134 smgulis·
1095 4037 1208 4116 reuts
1228 4041 1543 4146 proportionales,
1567 4041 1605 4122 &
1630 4047 1825 4142 quaeratur·
1836 4047 2011 4114 centrum
2023 4038 2216 4136 gravitatis

562 4165 900 4300 eommuneharum
915 4180 1126 4261 massarum.¹
1171 4183 1647 4287 Summasuperlicieruma
1665 4179 1772 4260 restis
1786 4180 1859 4259 illis
1875 4183 2057 4259 rotatione
2071 4183 2140 4258 hac
2150 4205 2214 4278 ge·

561 4333 724 4412 nltarum
737 4330 890 4428 aequalis
906 4325 956 4404 est
970 4307 1362 4418 reilangulosastoex
1374 4327 1514 4406 summa
1525 4323 1880 4414 narumreaarum,
1895 4322 1935 4402 dc
1958 4322 2215 4400 excircumse-

560 4471 679 4554 rentia
688 4470 733 4546 ab
743 4471 930 4547 communi
947 4468 1144 4546 massanum
1153 4463 1291 4546 harum
1300 4475 1430 4544 centro
1443 4469 1636 4565 gravitatis
1649 4466 1784 4545 'eadem
1791 4461 2020 4542 revolutione
2035 4465 2212 4569 percursa.

659 4611 743 4690 Sint
768 4610 949 4706 quotlibet
976 4609 1192 4708 restangula¹
1210 4607 1265 4684 in.
1280 4603 1418 4686 eodem
1434 4607 1551 4708 plano.
1566 4609 1740 4709 positione
1766 4606 2083 4707 &magnitudine
2105 4607 2210 4693 data3

499 4731 502 4736 ¹
557 4751 608 4831 src
640 4765 684 4830 ut
706 4747 928 4847 singulorum
952 4750 1086 4825 horum
1111 4749 1410 4848 restangulorum.
1431 4771 1549 4825 unum
1572 4749 1669 4827 latus
1697 4751 1741 4831 srt
1769 4752 1877 4834 restae
1904 4751 2015 4830 alicui
2038 4743 2211 4846 positione

252 4877 260 4884 ⁸
403 4936 407 4946 ·
537 4894 656 4976 uatae
688 4887 912 4995 parallelum.
977 4887 1204 4987 Reiiangula
1229 4889 1313 4970 haec
1345 4885 1451 4972 slmul
1471 4889 1707 4972 revolvantur
1732 4893 1829 4970 circa
1856 4909 1968 4968 axem
1989 4884 2098 4965 retiae
2121 4878 2210 4956 huic

2091 5019 2209 5128 euol-
