4920 6296
595 521 667 599 194

591 674 729 780 species
752 673 1095 776 primumbreviter
1114 672 1352 778 peruadere,
1381 683 1464 751 tum
1480 671 1685 772 generatim
1704 671 1751 752 de
1766 631 1838 751 illis
1855 669 2058 772 disquirere
2078 695 2154 751 non
2170 674 2278 754 alie·

594 815 686 901 num
707 821 753 900 ab
775 843 815 898 re
841 819 923 898 erit.

673 987 730 1095 §.
761 1013 841 1086 131.
893 985 952 1066 Sit
971 986 1089 1086 ligura
1112 1006 1346 1085 quaecunque
1363 985 1472 1086 plana
1494 981 1669 1083 posrtione
1692 981 1732 1062 δι
1751 983 2009 1080 magnitudine
2034 985 2133 1062 data.
2186 985 2276 1066 Re·

596 1135 652 1215 ua
677 1133 860 1236 quaepiam
878 1131 930 1208 ita
952 1140 1165 1218 moveatur,
1191 1143 1235 1202 ut
1255 1123 1319 1204 fibi
1339 1123 1478 1226 semper
1500 1127 1671 1228 parallela
1686 1138 1857 1217 maneat,
1883 1125 1984 1204 &ut
2006 1127 2158 1226 aliquod
2176 1130 2273 1230 ejus

595 1283 772 1387 punitum
801 1277 897 1352 circa
925 1273 1167 1378 perimetrum
1192 1268 1323 1368 figurae
1354 1267 1469 1368 hujus
1498 1269 1763 1370 progrediatur.
1828 1269 1984 1366 Singula
2010 1269 2120 1346 retiae
2146 1269 2268 1371 hujus

596 1426 727 1527 punita
746 1418 952 1498 describunt
974 1416 1091 1492 lineas
1118 1414 1316 1514 perimetro
1336 1409 1467 1508 figurae
1490 1414 1590 1492 datae
1613 1411 1825 1513 parallelas,
1851 1415 2047 1514 eidemque
2068 1414 2203 1492 ssmiles
2220 1415 2263 1495 dc

594 1564 774 1665 aequales:
811 1561 963 1663 proinde
986 1559 1087 1636 solidi
1112 1559 1184 1634 hoc
1206 1556 1317 1632 modo
1342 1556 1458 1652 geniti
1481 1555 1602 1646 sedtio,
1634 1556 1743 1657 plano
1767 1578 1986 1656 quocunque
2008 1557 2140 1656 figurae
2161 1561 2254 1638 datae

592 1707 766 1813 parallelo
787 1706 898 1795 latta,
932 1699 1146 1802 aequalis&
1170 1698 1293 1774 similis
1320 1697 1371 1774 est
1398 1698 1485 1774 huic
1515 1698 1655 1796 tigurae.
1722 1701 1942 1800 Superficies
1970 1725 1992 1776 a
2016 1699 2258 1780 remmom

595 1855 722 1958 genita
746 1850 882 1928 dicitur
899 1844 1084 1944 fitperficles
1113 1843 1300 1940 cylindricae
1332 1839 1373 1918 dt
1400 1840 1497 1919 reita
1527 1844 1672 1921 mobilis
1701 1845 1837 1921 dicitur
1861 1842 1944 1942 ejus
1967 1847 2056 1915 tatus.
2117 1843 2252 1940 Figura

596 1999 702 2087 data,
740 1994 780 2073 dt
803 1991 908 2070 sellio
931 1987 1050 2076 solidi,
1077 1985 1186 2085 plano
1203 1985 1333 2081 figurae
1357 1983 1444 2060 huic
1466 1987 1637 2086 parallelo
1662 1986 1700 2064 dt
1724 2009 1789 2086 per
1812 1986 1968 2064 alterum
1987 1987 2112 2064 lateris
2134 1999 2253 2064 extre·

594 2165 700 2222 mum
720 2144 935 2216 transeunte
957 2131 1068 2221 futla,
1095 2131 1268 2208 dicuntur
1292 2131 1374 2230 tofis
1402 2127 1514 2206 solidi.
1567 2129 1735 2206 Solidum
1754 2129 1892 2232 ipsum,
1918 2131 2061 2208 basibus
2086 2129 2263 2230 desuper«.

595 2285 677 2362 licie
702 2277 905 2382 cylindrica
927 2277 1189 2366 terminatum,
1223 2273 1358 2386 dicitur
1379 2275 1539 2372 cylindrur
1561 2268 1622 2350 seu
1644 2273 1797 2352 solidum
1818 2275 2073 2374 cylindricum.
2127 2275 2262 2380 ¹Cylin-

596 2429 687 2504 drus
712 2427 763 2504 est
789 2423 892 2498 nuos
920 2433 987 2498 aut
1009 2422 1178 2516 obliquus,
1212 2419 1334 2518 prouti
1356 2418 1454 2493 latus
1476 2415 1527 2492 est
1551 2415 1623 2495 bair
1643 2419 1945 2522 perpendiculare
1969 2429 2035 2497 aut
2058 2417 2258 2520 obliquum.

595 2567 777 2646 Distantia
797 2565 936 2645 bairum
960 2562 1118 2662 cylindri
1139 2561 1274 2639 dicitur
1297 2558 1380 2658 ejus
1402 2563 1544 2634 altitudo.

693 2707 864 2787 Solidum
887 2705 1132 2806 cylindricum
1158 2703 1266 2780 limes
1287 2702 1338 2777 est
1356 2704 1576 2802 prismatum
1595 2707 1658 2806 ipsr
1680 2709 2033 2806 circumscriptorum
2056 2719 2122 2786 aut
2140 2709 2261 2789 inscri-

595 2859 756 2953 ptorum.
789 2863 792 2868 ’
821 2851 896 2930 Sed
919 2850 1143 2950 capacitates
1164 2847 1299 2922 horum
1323 2847 1541 2946 prismatum
1569 2847 1650 2924 sunt
1672 2851 1710 2926 in
1732 2854 1874 2928 ratione
1904 2832 2102 2950 composrta
2131 2879 2179 2931 ex
2203 2877 2261 2932 ra·

594 2994 759 3074 tionibus
779 2993 919 3072 basrum
945 2992 985 3072 dt
1010 2991 1250 3070 altitudinum
1272 3013 1419 3086 eorum;
1449 2987 1488 3067 dt
1512 2989 1614 3069 bases
1638 2990 1741 3070 solidi
1760 2993 1952 3093 cylindrici
1974 2992 2055 3070 sunt
2082 2997 2195 3074 etiam
2215 2999 2261 3076 li·

546 3141 549 3146 ’
594 3139 706 3216 mites
724 3135 864 3213 bafium
879 3136 1013 3210 horum
1037 3135 1275 3233 prismatum:
1300 3133 1453 3232 proinde
1474 3135 1587 3211 etiam
1607 3134 1717 3214 solida
1736 3135 1937 3236 cylindrica
1959 3136 2041 3214 sunt
2058 3137 2098 3215 in
2115 3141 2261 3219 ratione

596 3277 794 3377 composita
814 3301 862 3352 ex
882 3275 1086 3380 rationibus
1109 3276 1250 3355 basium
1274 3273 1580 3356 &‘altitudinum
1599 3277 1769 3377 ipsorum.
1819 3279 1907 3357 Ideo
1930 3282 2130 3360 denotante
2151 3289 2177 3360 S
2196 3307 2260 3363 ca·

589 3422 796 3523 ¹'parcitatem
811 3419 913 3498 solidi
935 3419 1146 3518 cylindrici,
1169 3422 1204 3494 B
1218 3414 1318 3496 basin
1338 3416 1440 3517 ejus,
1469 3417 1563 3497 &H
1583 3419 1839 3515 altitudinem3
1866 3424 1937 3500 erit
1959 3429 2038 3501 S=
2058 3428 2132 3504 ΒΗ.

695 3578 855 3658 Proinde
878 3580 1170 3680 quotiescunque
1193 3601 1279 3655 area
1303 3574 1398 3656 basis
1424 3575 1528 3654 solidi
1554 3575 1745 3674 cylindrici
1764 3581 1933 3660 terminis
1959 3583 2076 3667 finitis
2099 3585 2257 3690 exprimi

419 3727 420 3731 '
533 3802 536 3808 ,
592 3723 713 3830 potest
719 3747 731 3821 ς
756 3726 939 3828 capacitas
958 3748 1104 3826 quoque
1127 3722 1230 3802 solidi
1253 3718 1446 3820 cylindrici
1466 3733 1637 3837 accurate
1659 3723 1940 3808 determinatur.

623 3847 630 3860 ’
697 3887 839 3967 Pariter
862 3884 1068 3985 superficies
1093 3882 1308 3982 cylindricae
1330 3877 1438 3958 rettae
1467 3876 1613 3958 suntin
1640 3883 1782 3960 ratione
1811 3887 2009 3987 composita
2030 3913 2080 3968 ex
2105 3894 2258 3973 rationi·

601 4031 672 4110 bus
695 4031 977 4131 perimetrorum
1001 4027 1158 4116 basium,
1187 4023 1498 4104 &altitudinum
1550 4022 1770 4126 superficies
1788 4015 1916 4106 autem
1936 4032 2150 4128 cylindricae
2168 4037 2261 4116 ohli.

600 4195 686 4275 quae
710 4177 912 4272 pendente
934 4171 1134 4277 perimetro
1153 4169 1317 4250 settionis
1339 4167 1518 4274 cylindri,
1551 4166 1661 4271 plano
1681 4167 1791 4272 ipfius
1814 4171 1991 4254 lateribus
2017 4180 2260 4280 perpendicu-

597 4318 665 4399 lari
690 4316 807 4395 faeae.
1290 4333 1300 4346 “
1656 4321 1659 4327 ’
1970 4343 1975 4352 ·

521 4475 525 4484 “
694 4471 734 4582 §.
761 4499 842 4572 132.
895 4477 1022 4556 solida
1042 4479 1155 4566 inter,
1177 4493 1263 4576 quae
1285 4494 1309 4549 a
1329 4471 1541 4570 cylindricis
1561 4477 1741 4578 originem
1764 4480 1925 4570 ducunt,
1950 4504 1995 4558 ea
2017 4483 2260 4585 contemplari

596 4621 769 4709 sufficiat,
792 4637 876 4717 quae
897 4621 1147 4718 cylindrorum
1163 4619 1344 4698 redonum
1369 4613 1576 4716 (inprimis)
1592 4620 1755 4712 ,settione
1769 4621 1841 4700 basr
1858 4623 2005 4723 obliqua
2021 4639 2256 4725 generantur.

439 4793 567 4886 1qu
695 4763 754 4844 Sit
780 4781 914 4858 nempe
937 4765 1006 4835 AB
1032 4764 1127 4839 retia
1155 4782 1386 4863 quaecunque
1405 4759 1444 4835 in
1470 4760 1580 4860 plano
1605 4743 1697 4842 bafi's
1725 4767 1883 4864 cylindri
1908 4753 1996 4845 retii
2015 4771 2113 4865 attae
2147 4769 2188 4850 dt
2213 4766 2260 4846 srt

594 4889 758 4990 ANN'B
779 4903 1011 5004 segmentum
1027 4903 1119 4990 bafis
1140 4907 1238 4987 retia
1252 4907 1410 4988 hacAB
1431 4904 1628 4988 abicillum.
1681 4907 1881 5005 Cylindrus
1899 4909 2044 4988 secetur
2065 4909 2176 5013 plano
2192 4931 2259 5012 per

2187 5057 2261 5134 AB
