<?xml version="1.0" encoding="UTF-8"?>
<!DOCTYPE html PUBLIC "-//W3C//DTD XHTML 1.0 Transitional//EN"
    "http://www.w3.org/TR/xhtml1/DTD/xhtml1-transitional.dtd">
<html xmlns="http://www.w3.org/1999/xhtml" xml:lang="en" lang="en">
 <head>
  <title>
</title>
<meta http-equiv="Content-Type" content="text/html;charset=utf-8" />
  <meta name='ocr-system' content='tesseract 3.04.00' />
  <meta name='ocr-capabilities' content='ocr_page ocr_carea ocr_par ocr_line ocrx_word'/>
</head>
<body>
  <div class='ocr_page' id='page_1' title='image "./principiorumcal00conggoog/principiorumcal00conggoog_0049.png"; bbox 0 0 4944 6252; ppageno 0'>
   <div class='ocr_carea' id='block_1_1' title="bbox 503 563 575 640">
    <p class='ocr_par' dir='ltr' id='par_1_1' title="bbox 503 563 575 640">
     <span class='ocr_line' id='line_1_1' title="bbox 503 563 575 640; baseline 0.083 -6"><span class='ocrx_word' id='word_1_1' title='bbox 503 563 525 634; x_wconf 85' lang='lat'>8</span> <span class='ocrx_word' id='word_1_2' title='bbox 566 623 575 640; x_wconf 92' lang='lat'><strong>.</strong></span> 
     </span>
    </p>
   </div>
   <div class='ocr_carea' id='block_1_2' title="bbox 411 698 2169 1966">
    <p class='ocr_par' dir='ltr' id='par_1_2' title="bbox 411 698 2169 1966">
     <span class='ocr_line' id='line_1_2' title="bbox 411 698 2160 848; baseline 0.011 -48"><span class='ocrx_word' id='word_1_3' title='bbox 411 791 415 800; x_wconf 90' lang='lat'>.</span> <span class='ocrx_word' id='word_1_4' title='bbox 551 814 558 826; x_wconf 94' lang='lat'><em>.</em></span> <span class='ocrx_word' id='word_1_5' title='bbox 603 725 687 806; x_wconf 86' lang='lat' dir='ltr'>Sint</span> <span class='ocrx_word' id='word_1_6' title='bbox 708 728 791 806; x_wconf 88' lang='lat' dir='ltr'><strong>duae</strong></span> <span class='ocrx_word' id='word_1_7' title='bbox 816 729 1029 830; x_wconf 82' lang='lat' dir='ltr'><strong>pyramides</strong></span> <span class='ocrx_word' id='word_1_8' title='bbox 1052 753 1158 830; x_wconf 88' lang='lat' dir='ltr'><strong>aeque</strong></span> <span class='ocrx_word' id='word_1_9' title='bbox 1183 729 1286 820; x_wconf 82' lang='lat' dir='ltr'><strong>altae,</strong></span> <span class='ocrx_word' id='word_1_10' title='bbox 1319 751 1475 832; x_wconf 85' lang='lat' dir='ltr'><strong>quarum</strong></span> <span class='ocrx_word' id='word_1_11' title='bbox 1498 730 1601 808; x_wconf 84' lang='lat' dir='ltr'><strong>bases</strong></span> <span class='ocrx_word' id='word_1_12' title='bbox 1621 731 1660 808; x_wconf 93' lang='lat' dir='ltr'><strong>in</strong></span> <span class='ocrx_word' id='word_1_13' title='bbox 1685 733 1817 810; x_wconf 90' lang='lat' dir='ltr'><strong>eodem</strong></span> <span class='ocrx_word' id='word_1_14' title='bbox 1838 698 1966 835; x_wconf 85' lang='lat' dir='ltr'><strong>plano,</strong></span> <span class='ocrx_word' id='word_1_15' title='bbox 2003 737 2048 826; x_wconf 83' lang='grc'><strong>,111</strong></span> <span class='ocrx_word' id='word_1_16' title='bbox 2076 761 2160 848; x_wconf 86' lang='lat' dir='ltr'><strong>quae</strong></span> 
     </span>
     <span class='ocr_line' id='line_1_3' title="bbox 501 869 2164 980; baseline 0.005 -28"><span class='ocrx_word' id='word_1_17' title='bbox 501 872 581 952; x_wconf 80' lang='lat' dir='ltr'><strong>firae</strong></span> <span class='ocrx_word' id='word_1_18' title='bbox 605 872 743 960; x_wconf 83' lang='lat' dir='ltr'><strong>sintad</strong></span> <span class='ocrx_word' id='word_1_19' title='bbox 765 875 915 951; x_wconf 87' lang='lat' dir='ltr'><strong>easdem</strong></span> <span class='ocrx_word' id='word_1_20' title='bbox 939 887 1061 973; x_wconf 89' lang='lat' dir='ltr'><strong>partes</strong></span> <span class='ocrx_word' id='word_1_21' title='bbox 1088 869 1202 970; x_wconf 87' lang='lat' dir='ltr'><strong>hujus</strong></span> <span class='ocrx_word' id='word_1_22' title='bbox 1235 869 1343 968; x_wconf 87' lang='lat' dir='ltr'><strong>plani.</strong></span> <span class='ocrx_word' id='word_1_23' title='bbox 1371 944 1378 958; x_wconf 80' lang='grc'><strong><em>,</em></strong></span> <span class='ocrx_word' id='word_1_24' title='bbox 1410 871 1586 952; x_wconf 81' lang='lat' dir='ltr'>Altitudo</span> <span class='ocrx_word' id='word_1_25' title='bbox 1615 877 1825 954; x_wconf 78' lang='lat' dir='ltr'><strong>commanus</strong></span> <span class='ocrx_word' id='word_1_26' title='bbox 1843 877 1976 955; x_wconf 87' lang='lat' dir='ltr'><strong>harum</strong></span> <span class='ocrx_word' id='word_1_27' title='bbox 2000 887 2164 980; x_wconf 87' lang='lat' dir='ltr'><strong>pyrami·</strong></span> 
     </span>
     <span class='ocr_line' id='line_1_4' title="bbox 503 1013 2165 1119; baseline 0.006 -27"><span class='ocrx_word' id='word_1_28' title='bbox 503 1015 596 1092; x_wconf 88' lang='lat' dir='ltr'><strong>dum</strong></span> <span class='ocrx_word' id='word_1_29' title='bbox 626 1013 768 1091; x_wconf 87' lang='lat' dir='ltr'><strong>secetur</strong></span> <span class='ocrx_word' id='word_1_30' title='bbox 803 1015 844 1093; x_wconf 89' lang='lat' dir='ltr'><strong>in</strong></span> <span class='ocrx_word' id='word_1_31' title='bbox 882 1027 1119 1116; x_wconf 87' lang='lat' dir='ltr'><strong>quotcunque</strong></span> <span class='ocrx_word' id='word_1_32' title='bbox 1149 1026 1273 1115; x_wconf 86' lang='lat' dir='ltr'><strong>partes</strong></span> <span class='ocrx_word' id='word_1_33' title='bbox 1306 1015 1490 1114; x_wconf 75' lang='lat' dir='ltr'><strong>aequales:</strong></span> <span class='ocrx_word' id='word_1_34' title='bbox 1534 1039 1599 1115; x_wconf 90' lang='lat' dir='ltr'><strong>per</strong></span> <span class='ocrx_word' id='word_1_35' title='bbox 1626 1015 1756 1114; x_wconf 77' lang='lat' dir='ltr'><strong>punita</strong></span> <span class='ocrx_word' id='word_1_36' title='bbox 1786 1017 1970 1098; x_wconf 78' lang='lat' dir='ltr'><strong>divisionis</strong></span> <span class='ocrx_word' id='word_1_37' title='bbox 2008 1037 2165 1119; x_wconf 87' lang='lat' dir='ltr'><strong>agantur</strong></span> 
     </span>
     <span class='ocr_line' id='line_1_5' title="bbox 505 1155 2167 1265; baseline 0.007 -33"><span class='ocrx_word' id='word_1_38' title='bbox 505 1155 614 1255; x_wconf 88' lang='lat' dir='ltr'><strong>plana</strong></span> <span class='ocrx_word' id='word_1_39' title='bbox 638 1156 710 1234; x_wconf 89' lang='lat' dir='ltr'><strong>basr</strong></span> <span class='ocrx_word' id='word_1_40' title='bbox 732 1159 922 1256; x_wconf 85' lang='lat' dir='ltr'><strong>parallela3</strong></span> <span class='ocrx_word' id='word_1_41' title='bbox 957 1159 997 1238; x_wconf 79' lang='lat' dir='ltr'><strong>dr</strong></span> <span class='ocrx_word' id='word_1_42' title='bbox 1018 1161 1167 1258; x_wconf 88' lang='lat' dir='ltr'><strong>utrique</strong></span> <span class='ocrx_word' id='word_1_43' title='bbox 1187 1155 1372 1257; x_wconf 79' lang='lat' dir='ltr'>pyramidi</span> <span class='ocrx_word' id='word_1_44' title='bbox 1394 1157 1637 1236; x_wconf 82' lang='lat' dir='ltr'><strong>inscribantur</strong></span> <span class='ocrx_word' id='word_1_45' title='bbox 1659 1157 1699 1237; x_wconf 87' lang='lat'>&amp;</span> <span class='ocrx_word' id='word_1_46' title='bbox 1717 1159 2056 1240; x_wconf 85' lang='lat' dir='ltr'><strong>circumscribantur</strong></span> <span class='ocrx_word' id='word_1_47' title='bbox 2073 1167 2167 1265; x_wconf 81' lang='lat' dir='ltr'><strong>pris·</strong></span> 
     </span>
     <span class='ocr_line' id='line_1_6' title="bbox 504 1298 2166 1408; baseline 0.006 -32"><span class='ocrx_word' id='word_1_48' title='bbox 504 1308 628 1388; x_wconf 88' lang='lat' dir='ltr'><strong>mata‚</strong></span> <span class='ocrx_word' id='word_1_49' title='bbox 653 1301 702 1376; x_wconf 91' lang='lat' dir='ltr'><strong>ad</strong></span> <span class='ocrx_word' id='word_1_50' title='bbox 716 1319 884 1378; x_wconf 88' lang='lat' dir='ltr'><strong>normam</strong></span> <span class='ocrx_word' id='word_1_51' title='bbox 904 1323 1051 1391; x_wconf 85' lang='lat' dir='ltr'><strong>eorum,</strong></span> <span class='ocrx_word' id='word_1_52' title='bbox 1077 1321 1160 1400; x_wconf 89' lang='lat' dir='ltr'><strong>quae</strong></span> <span class='ocrx_word' id='word_1_53' title='bbox 1185 1301 1232 1376; x_wconf 89' lang='lat' dir='ltr'><strong>de</strong></span> <span class='ocrx_word' id='word_1_54' title='bbox 1253 1298 1604 1399; x_wconf 79' lang='lat' dir='ltr'><strong>parallelogrammis</strong></span> <span class='ocrx_word' id='word_1_55' title='bbox 1623 1299 1803 1401; x_wconf 74' lang='lat' dir='ltr'><strong>inscriptis</strong></span> <span class='ocrx_word' id='word_1_56' title='bbox 1821 1303 1861 1380; x_wconf 79' lang='lat' dir='ltr'><strong>dc</strong></span> <span class='ocrx_word' id='word_1_57' title='bbox 1884 1304 2166 1408; x_wconf 87' lang='lat' dir='ltr'><strong>circumscriptis</strong></span> 
     </span>
     <span class='ocr_line' id='line_1_7' title="bbox 503 1432 2169 1542; baseline 0.008 -29"><span class='ocrx_word' id='word_1_58' title='bbox 503 1432 546 1540; x_wconf 78' lang='lat'><strong>§.</strong></span> <span class='ocrx_word' id='word_1_59' title='bbox 572 1463 602 1514; x_wconf 88' lang='lat'><strong>1.</strong></span> <span class='ocrx_word' id='word_1_60' title='bbox 628 1437 698 1516; x_wconf 85' lang='lat' dir='ltr'><strong>Ex.</strong></span> <span class='ocrx_word' id='word_1_61' title='bbox 719 1468 753 1540; x_wconf 76' lang='lat'><strong>3.</strong></span> <span class='ocrx_word' id='word_1_62' title='bbox 780 1444 874 1520; x_wconf 77' lang='lat' dir='ltr'><strong>ditia</strong></span> <span class='ocrx_word' id='word_1_63' title='bbox 900 1443 1063 1522; x_wconf 77' lang='lat' dir='ltr'><strong>inierunt.</strong></span> <span class='ocrx_word' id='word_1_64' title='bbox 1142 1445 1308 1542; x_wconf 89' lang='lat' dir='ltr'><strong>Utraque</strong></span> <span class='ocrx_word' id='word_1_65' title='bbox 1338 1444 1502 1542; x_wconf 79' lang='lat' dir='ltr'><strong>pyramis</strong></span> <span class='ocrx_word' id='word_1_66' title='bbox 1531 1444 1639 1522; x_wconf 87' lang='lat' dir='ltr'><strong>limes</strong></span> <span class='ocrx_word' id='word_1_67' title='bbox 1673 1442 1725 1520; x_wconf 88' lang='lat' dir='ltr'><strong>est</strong></span> <span class='ocrx_word' id='word_1_68' title='bbox 1752 1442 1974 1524; x_wconf 78' lang='lat' dir='ltr'><strong>srunmarum</strong></span> <span class='ocrx_word' id='word_1_69' title='bbox 2006 1449 2169 1528; x_wconf 81' lang='lat' dir='ltr'><strong>crescen-</strong></span> 
     </span>
     <span class='ocr_line' id='line_1_8' title="bbox 506 1579 2168 1684; baseline 0.01 -31"><span class='ocrx_word' id='word_1_70' title='bbox 506 1579 604 1654; x_wconf 86' lang='lat' dir='ltr'><strong>tium</strong></span> <span class='ocrx_word' id='word_1_71' title='bbox 629 1595 695 1658; x_wconf 87' lang='lat' dir='ltr'><strong>aut</strong></span> <span class='ocrx_word' id='word_1_72' title='bbox 721 1587 1007 1664; x_wconf 88' lang='lat' dir='ltr'><strong>decrescentium</strong></span> <span class='ocrx_word' id='word_1_73' title='bbox 1027 1589 1263 1684; x_wconf 89' lang='lat' dir='ltr'><strong>prismatum,</strong></span> <span class='ocrx_word' id='word_1_74' title='bbox 1290 1607 1373 1681; x_wconf 86' lang='lat' dir='ltr'><strong>quae</strong></span> <span class='ocrx_word' id='word_1_75' title='bbox 1396 1584 1461 1680; x_wconf 87' lang='lat' dir='ltr'><strong>ipsr</strong></span> <span class='ocrx_word' id='word_1_76' title='bbox 1485 1585 1788 1664; x_wconf 84' lang='lat' dir='ltr'><strong>inscribuntur&amp;</strong></span> <span class='ocrx_word' id='word_1_77' title='bbox 1811 1589 2168 1671; x_wconf 83' lang='lat' dir='ltr'><strong>circumscribuntur.</strong></span> 
     </span>
     <span class='ocr_line' id='line_1_9' title="bbox 503 1717 2168 1840; baseline 0.006 -42"><span class='ocrx_word' id='word_1_78' title='bbox 503 1717 667 1820; x_wconf 73' lang='lat' dir='ltr'><strong>Proinde</strong></span> <span class='ocrx_word' id='word_1_79' title='bbox 692 1726 960 1814; x_wconf 80' lang='lat' dir='ltr'><strong>demonstrato,</strong></span> <span class='ocrx_word' id='word_1_80' title='bbox 988 1723 1180 1822; x_wconf 81' lang='lat' dir='ltr'><strong>praedittas</strong></span> <span class='ocrx_word' id='word_1_81' title='bbox 1200 1724 1420 1820; x_wconf 85' lang='lat' dir='ltr'><strong>prisauatum</strong></span> <span class='ocrx_word' id='word_1_82' title='bbox 1446 1722 1805 1822; x_wconf 81' lang='lat' dir='ltr'><strong>correspondentiam</strong></span> <span class='ocrx_word' id='word_1_83' title='bbox 1821 1725 1981 1840; x_wconf 79' lang='lat' dir='ltr'><strong>summas</strong></span> <span class='ocrx_word' id='word_1_84' title='bbox 2005 1732 2103 1810; x_wconf 87' lang='lat' dir='ltr'><strong>inter</strong></span> <span class='ocrx_word' id='word_1_85' title='bbox 2132 1735 2168 1812; x_wconf 89' lang='lat' dir='ltr'><strong>se</strong></span> 
     </span>
     <span class='ocr_line' id='line_1_10' title="bbox 507 1849 2168 1966; baseline 0.004 -26"><span class='ocrx_word' id='word_1_86' title='bbox 507 1864 643 1941; x_wconf 86' lang='lat' dir='ltr'><strong>essem</strong></span> <span class='ocrx_word' id='word_1_87' title='bbox 666 1869 817 1964; x_wconf 74' lang='lat' dir='ltr'><strong>rationes</strong></span> <span class='ocrx_word' id='word_1_88' title='bbox 830 1867 918 1942; x_wconf 88' lang='lat' dir='ltr'><strong>data</strong></span> <span class='ocrx_word' id='word_1_89' title='bbox 936 1863 1076 1942; x_wconf 82' lang='lat' dir='ltr'><strong>basium</strong></span> <span class='ocrx_word' id='word_1_90' title='bbox 1091 1863 1345 1966; x_wconf 64' lang='lat' dir='ltr'><strong>pyramidum</strong></span> <span class='ocrx_word' id='word_1_91' title='bbox 1377 1863 1505 1944; x_wconf 88' lang='lat' dir='ltr'><strong>licebit</strong></span> <span class='ocrx_word' id='word_1_92' title='bbox 1527 1849 1765 1943; x_wconf 88' lang='lat' dir='ltr'><strong>concludere:</strong></span> <span class='ocrx_word' id='word_1_93' title='bbox 1798 1863 1981 1941; x_wconf 89' lang='lat' dir='ltr'><strong>rationem</strong></span> <span class='ocrx_word' id='word_1_94' title='bbox 2005 1867 2168 1947; x_wconf 81' lang='lat' dir='ltr'><strong>lirnittmr</strong></span> 
     </span>
    </p>
   </div>
   <div class='ocr_carea' id='block_1_3' title="bbox 399 2005 2168 2224">
    <p class='ocr_par' dir='ltr' id='par_1_3' title="bbox 399 2005 2168 2224">
     <span class='ocr_line' id='line_1_11' title="bbox 399 2005 2168 2110; baseline 0.006 -32"><span class='ocrx_word' id='word_1_95' title='bbox 399 2071 402 2078; x_wconf 83' lang='lat'>.</span> <span class='ocrx_word' id='word_1_96' title='bbox 510 2005 643 2082; x_wconf 87' lang='lat' dir='ltr'><strong>harum</strong></span> <span class='ocrx_word' id='word_1_97' title='bbox 662 2008 901 2096; x_wconf 72' lang='lat' dir='ltr'><strong>somniatum,</strong></span> <span class='ocrx_word' id='word_1_98' title='bbox 935 2005 998 2082; x_wconf 89' lang='lat' dir='ltr'><strong>seu</strong></span> <span class='ocrx_word' id='word_1_99' title='bbox 1018 2005 1177 2108; x_wconf 89' lang='lat' dir='ltr'><strong>ipsarum</strong></span> <span class='ocrx_word' id='word_1_100' title='bbox 1192 2007 1448 2110; x_wconf 78' lang='lat' dir='ltr'><strong>pyramidum,</strong></span> <span class='ocrx_word' id='word_1_101' title='bbox 1472 2009 1656 2110; x_wconf 85' lang='lat' dir='ltr'><strong>aequalem</strong></span> <span class='ocrx_word' id='word_1_102' title='bbox 1679 2007 1749 2086; x_wconf 84' lang='lat' dir='ltr'><strong>esic</strong></span> <span class='ocrx_word' id='word_1_103' title='bbox 1772 2007 1895 2086; x_wconf 87' lang='lat' dir='ltr'><strong>eidem</strong></span> <span class='ocrx_word' id='word_1_104' title='bbox 1914 2008 2048 2086; x_wconf 85' lang='lat' dir='ltr'><strong>rationi</strong></span> <span class='ocrx_word' id='word_1_105' title='bbox 2070 2010 2168 2089; x_wconf 85' lang='lat' dir='ltr'><strong>datae</strong></span> 
     </span>
     <span class='ocr_line' id='line_1_12' title="bbox 509 2143 661 2224; baseline 0.022 -3"><span class='ocrx_word' id='word_1_106' title='bbox 509 2143 661 2224; x_wconf 79' lang='lat' dir='ltr'><strong>bairum.</strong></span> 
     </span>
    </p>
   </div>
   <div class='ocr_carea' id='block_1_4' title="bbox 609 2285 2170 2394">
    <p class='ocr_par' dir='ltr' id='par_1_4' title="bbox 609 2285 2170 2394">
     <span class='ocr_line' id='line_1_13' title="bbox 609 2285 2170 2394; baseline 0.004 -32"><span class='ocrx_word' id='word_1_107' title='bbox 609 2289 753 2364; x_wconf 86' lang='lat' dir='ltr'><strong>Eodem</strong></span> <span class='ocrx_word' id='word_1_108' title='bbox 781 2293 893 2370; x_wconf 93' lang='lat' dir='ltr'><strong>modo</strong></span> <span class='ocrx_word' id='word_1_109' title='bbox 916 2285 1200 2373; x_wconf 82' lang='lat' dir='ltr'><strong>demonstratur:</strong></span> <span class='ocrx_word' id='word_1_110' title='bbox 1233 2306 1313 2377; x_wconf 91' lang='lat' dir='ltr'><strong>tam</strong></span> <span class='ocrx_word' id='word_1_111' title='bbox 1339 2295 1527 2394; x_wconf 80' lang='lat' dir='ltr'><strong>cylindros</strong></span> <span class='ocrx_word' id='word_1_112' title='bbox 1552 2317 1664 2394; x_wconf 89' lang='lat' dir='ltr'><strong>quam</strong></span> <span class='ocrx_word' id='word_1_113' title='bbox 1696 2316 1808 2371; x_wconf 87' lang='lat' dir='ltr'><strong>conos</strong></span> <span class='ocrx_word' id='word_1_114' title='bbox 1840 2297 1971 2394; x_wconf 72' lang='lat' dir='ltr'><strong>aequb·</strong></span> <span class='ocrx_word' id='word_1_115' title='bbox 1954 2295 2075 2369; x_wconf 85' lang='lat' dir='ltr'><strong>-altos</strong></span> <span class='ocrx_word' id='word_1_116' title='bbox 2100 2293 2170 2370; x_wconf 88' lang='lat' dir='ltr'><strong>esse</strong></span> 
     </span>
    </p>
   </div>
   <div class='ocr_carea' id='block_1_5' title="bbox 510 2431 2169 2672">
    <p class='ocr_par' dir='ltr' id='par_1_5' title="bbox 510 2431 2169 2672">
     <span class='ocr_line' id='line_1_14' title="bbox 510 2431 2169 2540; baseline 0.004 -30"><span class='ocrx_word' id='word_1_117' title='bbox 510 2431 610 2510; x_wconf 81' lang='lat' dir='ltr'><strong>inter</strong></span> <span class='ocrx_word' id='word_1_118' title='bbox 629 2431 664 2508; x_wconf 88' lang='lat' dir='ltr'><strong>se</strong></span> <span class='ocrx_word' id='word_1_119' title='bbox 684 2434 741 2510; x_wconf 88' lang='lat' dir='ltr'><strong>uti</strong></span> <span class='ocrx_word' id='word_1_120' title='bbox 760 2435 882 2515; x_wconf 88' lang='lat' dir='ltr'><strong>bases.</strong></span> <span class='ocrx_word' id='word_1_121' title='bbox 906 2461 994 2515; x_wconf 91' lang='lat' dir='ltr'><strong>cum</strong></span> <span class='ocrx_word' id='word_1_122' title='bbox 1011 2439 1123 2517; x_wconf 81' lang='lat' dir='ltr'><strong>solida</strong></span> <span class='ocrx_word' id='word_1_123' title='bbox 1134 2441 1228 2520; x_wconf 84' lang='lat' dir='ltr'><strong>haec</strong></span> <span class='ocrx_word' id='word_1_124' title='bbox 1242 2441 1380 2518; x_wconf 79' lang='lat' dir='ltr'><strong>liarites</strong></span> <span class='ocrx_word' id='word_1_125' title='bbox 1401 2439 1471 2517; x_wconf 81' lang='lat' dir='ltr'><strong>sint</strong></span> <span class='ocrx_word' id='word_1_126' title='bbox 1493 2439 1713 2540; x_wconf 88' lang='lat' dir='ltr'><strong>prismatum</strong></span> <span class='ocrx_word' id='word_1_127' title='bbox 1735 2451 1800 2518; x_wconf 88' lang='lat' dir='ltr'><strong>aut</strong></span> <span class='ocrx_word' id='word_1_128' title='bbox 1814 2437 2068 2540; x_wconf 84' lang='lat' dir='ltr'><strong>pyramidum,</strong></span> <span class='ocrx_word' id='word_1_129' title='bbox 2084 2458 2169 2535; x_wconf 83' lang='lat' dir='ltr'><strong>quae</strong></span> 
     </span>
     <span class='ocr_line' id='line_1_15' title="bbox 513 2571 1389 2672; baseline 0.014 -24"><span class='ocrx_word' id='word_1_130' title='bbox 513 2571 598 2672; x_wconf 76' lang='lat' dir='ltr'><strong>ipsis</strong></span> <span class='ocrx_word' id='word_1_131' title='bbox 615 2573 857 2655; x_wconf 87' lang='lat' dir='ltr'><strong>inscribuntur</strong></span> <span class='ocrx_word' id='word_1_132' title='bbox 881 2579 921 2656; x_wconf 83' lang='lat' dir='ltr'><strong>dc</strong></span> <span class='ocrx_word' id='word_1_133' title='bbox 941 2581 1079 2668; x_wconf 85' lang='lat' dir='ltr'><strong>circum</strong></span> <span class='ocrx_word' id='word_1_134' title='bbox 1082 2581 1295 2661; x_wconf 89' lang='lat' dir='ltr'><strong>scribuntur.</strong></span> <span class='ocrx_word' id='word_1_135' title='bbox 1373 2611 1389 2620; x_wconf 86' lang='lat'>·</span> 
     </span>
    </p>
   </div>
   <div class='ocr_carea' id='block_1_6' title="bbox 516 2691 2173 2974">
    <p class='ocr_par' dir='ltr' id='par_1_6' title="bbox 516 2691 2173 2966">
     <span class='ocr_line' id='line_1_16' title="bbox 615 2691 2173 2866; baseline 0.006 -72"><span class='ocrx_word' id='word_1_136' title='bbox 615 2691 716 2795; x_wconf 85' lang='lat' dir='ltr'><strong>Hinc</strong></span> <span class='ocrx_word' id='word_1_137' title='bbox 738 2721 852 2796; x_wconf 88' lang='lat' dir='ltr'><strong>etiam</strong></span> <span class='ocrx_word' id='word_1_138' title='bbox 877 2719 903 2795; x_wconf 94' lang='grc'><strong>11</strong></span> <span class='ocrx_word' id='word_1_139' title='bbox 926 2720 1093 2818; x_wconf 86' lang='lat' dir='ltr'><strong>cylinder</strong></span> <span class='ocrx_word' id='word_1_140' title='bbox 1116 2721 1156 2800; x_wconf 82' lang='grc' dir='ltr'><strong>ὅι</strong></span> <span class='ocrx_word' id='word_1_141' title='bbox 1174 2744 1288 2802; x_wconf 88' lang='lat' dir='ltr'><strong>conus</strong></span> <span class='ocrx_word' id='word_1_142' title='bbox 1317 2725 1425 2822; x_wconf 70' lang='lat' dir='ltr'><strong>aeque</strong></span> <span class='ocrx_word' id='word_1_143' title='bbox 1450 2722 1517 2800; x_wconf 89' lang='lat' dir='ltr'><strong>alti</strong></span> <span class='ocrx_word' id='word_1_144' title='bbox 1537 2722 1660 2803; x_wconf 89' lang='lat' dir='ltr'><strong>eidem</strong></span> <span class='ocrx_word' id='word_1_145' title='bbox 1683 2723 1758 2804; x_wconf 88' lang='lat' dir='ltr'><strong>basi</strong></span> <span class='ocrx_word' id='word_1_146' title='bbox 1784 2725 1971 2804; x_wconf 76' lang='lat' dir='ltr'><strong>insistant.</strong></span> <span class='ocrx_word' id='word_1_147' title='bbox 2007 2721 2173 2866; x_wconf 76' lang='lat' dir='ltr'><strong>cylindet</strong></span> 
     </span>
     <span class='ocr_line' id='line_1_17' title="bbox 516 2862 838 2974; baseline 0 -34"><span class='ocrx_word' id='word_1_148' title='bbox 516 2862 568 2940; x_wconf 88' lang='lat' dir='ltr'><strong>est</strong></span> <span class='ocrx_word' id='word_1_149' title='bbox 590 2865 722 2974; x_wconf 83' lang='lat' dir='ltr'><strong>triplus</strong></span> <span class='ocrx_word' id='word_1_150' title='bbox 746 2865 838 2968; x_wconf 83' lang='lat' dir='ltr'><strong>coni.</strong></span> 
     </span>
    </p>
   </div>
   <div class='ocr_carea' id='block_1_7' title="bbox 616 2951 2175 3112">
    <p class='ocr_par' dir='ltr' id='par_1_7' title="bbox 616 2951 2175 3112">
     <span class='ocr_line' id='line_1_18' title="bbox 616 2951 2175 3112; baseline 0.001 -26"><span class='ocrx_word' id='word_1_151' title='bbox 616 3006 716 3086; x_wconf 85' lang='lat' dir='ltr'><strong>Hinc</strong></span> <span class='ocrx_word' id='word_1_152' title='bbox 732 3009 855 3087; x_wconf 85' lang='lat' dir='ltr'><strong>rursus</strong></span> <span class='ocrx_word' id='word_1_153' title='bbox 881 2999 1087 3112; x_wconf 83' lang='lat' dir='ltr'><strong>superficies</strong></span> <span class='ocrx_word' id='word_1_154' title='bbox 1110 2951 1249 3086; x_wconf 87' lang='lat' dir='ltr'><strong>tam</strong></span> <span class='ocrx_word' id='word_1_155' title='bbox 1210 3005 1461 3106; x_wconf 83' lang='lat' dir='ltr'><strong>cylindrorum</strong></span> <span class='ocrx_word' id='word_1_156' title='bbox 1490 3029 1602 3106; x_wconf 89' lang='lat' dir='ltr'><strong>quam</strong></span> <span class='ocrx_word' id='word_1_157' title='bbox 1630 3032 1805 3088; x_wconf 87' lang='lat' dir='ltr'><strong>cenorum</strong></span> <span class='ocrx_word' id='word_1_158' title='bbox 1807 2985 2006 3089; x_wconf 77' lang='lat' dir='ltr'><strong>srinilium</strong></span> <span class='ocrx_word' id='word_1_159' title='bbox 2030 3005 2146 3086; x_wconf 91' lang='lat' dir='ltr'><strong>sunt</strong></span> <span class='ocrx_word' id='word_1_160' title='bbox 2135 3029 2175 3088; x_wconf 85' lang='grc'><strong>111</strong></span> 
     </span>
    </p>
   </div>
   <div class='ocr_carea' id='block_1_8' title="bbox 428 3145 2175 3391">
    <p class='ocr_par' dir='ltr' id='par_1_8' title="bbox 428 3145 2175 3391">
     <span class='ocr_line' id='line_1_19' title="bbox 469 3145 2175 3254; baseline -0.003 -23"><span class='ocrx_word' id='word_1_161' title='bbox 469 3175 474 3182; x_wconf 92' lang='grc'><strong><em>·</em></strong></span> <span class='ocrx_word' id='word_1_162' title='bbox 515 3145 701 3254; x_wconf 86' lang='lat' dir='ltr'><strong>duplicata</strong></span> <span class='ocrx_word' id='word_1_163' title='bbox 714 3153 862 3226; x_wconf 88' lang='lat' dir='ltr'><strong>ratione</strong></span> <span class='ocrx_word' id='word_1_164' title='bbox 884 3153 1151 3232; x_wconf 79' lang='lat' dir='ltr'><strong>dimensionum</strong></span> <span class='ocrx_word' id='word_1_165' title='bbox 1172 3151 1319 3226; x_wconf 86' lang='lat' dir='ltr'><strong>suarum</strong></span> <span class='ocrx_word' id='word_1_166' title='bbox 1335 3149 1635 3250; x_wconf 80' lang='lat' dir='ltr'><strong>homologarum3</strong></span> <span class='ocrx_word' id='word_1_167' title='bbox 1668 3154 1868 3233; x_wconf 80' lang='lat' dir='ltr'><strong>soliditates</strong></span> <span class='ocrx_word' id='word_1_168' title='bbox 1892 3165 2020 3232; x_wconf 85' lang='lat' dir='ltr'><strong>autern</strong></span> <span class='ocrx_word' id='word_1_169' title='bbox 2050 3153 2175 3230; x_wconf 84' lang='lat' dir='ltr'><strong>inea</strong></span> 
     </span>
     <span class='ocr_line' id='line_1_20' title="bbox 428 3275 973 3391; baseline -0.009 -20"><span class='ocrx_word' id='word_1_170' title='bbox 428 3275 433 3282; x_wconf 37' lang='lat'><em>⁶</em></span> <span class='ocrx_word' id='word_1_171' title='bbox 515 3295 604 3370; x_wconf 89' lang='lat' dir='ltr'><strong>dem</strong></span> <span class='ocrx_word' id='word_1_172' title='bbox 619 3295 761 3370; x_wconf 89' lang='lat' dir='ltr'><strong>ratione</strong></span> <span class='ocrx_word' id='word_1_173' title='bbox 780 3293 973 3391; x_wconf 88' lang='lat' dir='ltr'><strong>triplicata.</strong></span> 
     </span>
    </p>
   </div>
   <div class='ocr_carea' id='block_1_9' title="bbox 506 3427 2195 5236">
    <p class='ocr_par' dir='ltr' id='par_1_9' title="bbox 517 3427 2176 3676">
     <span class='ocr_line' id='line_1_21' title="bbox 615 3427 2176 3538; baseline -0.006 -27"><span class='ocrx_word' id='word_1_174' title='bbox 615 3433 715 3510; x_wconf 82' lang='lat' dir='ltr'><strong>Hinc</strong></span> <span class='ocrx_word' id='word_1_175' title='bbox 733 3433 884 3508; x_wconf 65' lang='lat' dir='ltr'><strong>tandem</strong></span> <span class='ocrx_word' id='word_1_176' title='bbox 908 3433 1030 3513; x_wconf 71' lang='lat' dir='ltr'><strong>fluunt</strong></span> <span class='ocrx_word' id='word_1_177' title='bbox 1049 3455 1239 3534; x_wconf 72' lang='lat' dir='ltr'><strong>nunquam</strong></span> <span class='ocrx_word' id='word_1_178' title='bbox 1262 3430 1348 3508; x_wconf 72' lang='lat' dir='ltr'><strong>satis</strong></span> <span class='ocrx_word' id='word_1_179' title='bbox 1368 3427 1518 3508; x_wconf 68' lang='grc'><strong>[1111111111</strong></span> <span class='ocrx_word' id='word_1_180' title='bbox 1533 3434 1797 3517; x_wconf 76' lang='lat' dir='ltr'><strong>ARcfflMEms</strong></span> <span class='ocrx_word' id='word_1_181' title='bbox 1819 3442 1948 3538; x_wconf 65' lang='lat' dir='ltr'><strong>invent</strong></span> <span class='ocrx_word' id='word_1_182' title='bbox 1933 3453 1972 3516; x_wconf 75' lang='lat' dir='ltr'><strong>ta</strong></span> <span class='ocrx_word' id='word_1_183' title='bbox 1990 3441 2036 3515; x_wconf 85' lang='lat' dir='ltr'><strong>de</strong></span> <span class='ocrx_word' id='word_1_184' title='bbox 2053 3431 2176 3538; x_wconf 79' lang='lat' dir='ltr'><strong>super⁴</strong></span> 
     </span>
     <span class='ocr_line' id='line_1_22' title="bbox 517 3562 1105 3676; baseline -0.002 -24"><span class='ocrx_word' id='word_1_185' title='bbox 517 3571 600 3652; x_wconf 87' lang='lat' dir='ltr'><strong>ficie</strong></span> <span class='ocrx_word' id='word_1_186' title='bbox 618 3571 657 3651; x_wconf 79' lang='lat' dir='ltr'><strong>dc</strong></span> <span class='ocrx_word' id='word_1_187' title='bbox 675 3562 889 3651; x_wconf 89' lang='lat' dir='ltr'><strong>soliditates</strong></span> <span class='ocrx_word' id='word_1_188' title='bbox 871 3575 1105 3676; x_wconf 82' lang='lat' dir='ltr'><strong>sphaerarum</strong></span> 
     </span>
    </p>

    <p class='ocr_par' dir='ltr' id='par_1_10' title="bbox 506 3689 2195 5104">
     <span class='ocr_line' id='line_1_23' title="bbox 580 3689 2179 3822; baseline 0.001 -25.022"><span class='ocrx_word' id='word_1_189' title='bbox 580 3721 736 3818; x_wconf 86' lang='lat' dir='ltr'><strong>Super</strong></span> <span class='ocrx_word' id='word_1_190' title='bbox 778 3719 958 3793; x_wconf 86' lang='lat' dir='ltr'><strong>dimnetro</strong></span> <span class='ocrx_word' id='word_1_191' title='bbox 1000 3717 1128 3793; x_wconf 91' lang='lat' dir='ltr'><strong>circuli</strong></span> <span class='ocrx_word' id='word_1_192' title='bbox 1169 3727 1349 3816; x_wconf 85' lang='lat' dir='ltr'><strong>tanquam</strong></span> <span class='ocrx_word' id='word_1_193' title='bbox 1391 3739 1464 3792; x_wconf 86' lang='lat' dir='ltr'><strong>axe</strong></span> <span class='ocrx_word' id='word_1_194' title='bbox 1507 3701 1734 3798; x_wconf 83' lang='lat' dir='ltr'><strong>describatur</strong></span> <span class='ocrx_word' id='word_1_195' title='bbox 1773 3717 1903 3820; x_wconf 78' lang='lat' dir='ltr'><strong>ellipsis</strong></span> <span class='ocrx_word' id='word_1_196' title='bbox 1936 3689 2179 3822; x_wconf 84' lang='lat' dir='ltr'><strong>quaecunque.</strong></span> 
     </span>
     <span class='ocr_line' id='line_1_24' title="bbox 506 3835 2182 3978; baseline -0.002 -33"><span class='ocrx_word' id='word_1_197' title='bbox 506 3835 709 3945; x_wconf 34' lang='lat' dir='ltr'><strong>&#39;Diameter</strong></span> <span class='ocrx_word' id='word_1_198' title='bbox 731 3862 814 3978; x_wconf 74' lang='lat' dir='ltr'><strong>haec</strong></span> <span class='ocrx_word' id='word_1_199' title='bbox 837 3859 1006 3938; x_wconf 91' lang='lat' dir='ltr'><strong>secetur</strong></span> <span class='ocrx_word' id='word_1_200' title='bbox 996 3881 1035 3935; x_wconf 89' lang='lat' dir='ltr'><strong>m</strong></span> <span class='ocrx_word' id='word_1_201' title='bbox 1057 3871 1181 3960; x_wconf 86' lang='lat' dir='ltr'><strong>partes</strong></span> <span class='ocrx_word' id='word_1_202' title='bbox 1202 3872 1439 3959; x_wconf 89' lang='lat' dir='ltr'><strong>quotcunque</strong></span> <span class='ocrx_word' id='word_1_203' title='bbox 1460 3857 1642 3957; x_wconf 81' lang='lat' dir='ltr'><strong>aequales3</strong></span> <span class='ocrx_word' id='word_1_204' title='bbox 1678 3859 1717 3938; x_wconf 90' lang='lat'><strong>&amp;</strong></span> <span class='ocrx_word' id='word_1_205' title='bbox 1742 3863 1890 3960; x_wconf 91' lang='lat' dir='ltr'><strong>utrique</strong></span> <span class='ocrx_word' id='word_1_206' title='bbox 1908 3863 2038 3961; x_wconf 85' lang='lat' dir='ltr'><strong>figurae</strong></span> <span class='ocrx_word' id='word_1_207' title='bbox 2059 3861 2182 3942; x_wconf 88' lang='lat' dir='ltr'><strong>inseri</strong></span> 
     </span>
     <span class='ocr_line' id='line_1_25' title="bbox 519 3981 2182 4108; baseline -0.002 -26"><span class='ocrx_word' id='word_1_208' title='bbox 519 4005 655 4084; x_wconf 87' lang='lat' dir='ltr'><strong>bantur</strong></span> <span class='ocrx_word' id='word_1_209' title='bbox 683 4003 722 4084; x_wconf 87' lang='lat'>&amp;</span> <span class='ocrx_word' id='word_1_210' title='bbox 750 4003 1089 4081; x_wconf 89' lang='lat' dir='ltr'><strong>circumscribantur</strong></span> <span class='ocrx_word' id='word_1_211' title='bbox 1114 4005 1325 4102; x_wconf 81' lang='lat' dir='ltr'><strong>restangula</strong></span> <span class='ocrx_word' id='word_1_212' title='bbox 1348 4003 1397 4080; x_wconf 88' lang='lat' dir='ltr'><strong>ad</strong></span> <span class='ocrx_word' id='word_1_213' title='bbox 1422 4024 1591 4080; x_wconf 81' lang='lat' dir='ltr'><strong>normam</strong></span> <span class='ocrx_word' id='word_1_214' title='bbox 1617 3981 1765 4094; x_wconf 82' lang='lat' dir='ltr'><strong>eorum,</strong></span> <span class='ocrx_word' id='word_1_215' title='bbox 1817 4025 1902 4106; x_wconf 86' lang='lat' dir='ltr'><strong>quae</strong></span> <span class='ocrx_word' id='word_1_216' title='bbox 1929 4003 1968 4108; x_wconf 84' lang='lat'><strong>§.</strong></span> <span class='ocrx_word' id='word_1_217' title='bbox 1993 4035 2023 4084; x_wconf 90' lang='lat'><strong>1.</strong></span> <span class='ocrx_word' id='word_1_218' title='bbox 2049 4009 2120 4084; x_wconf 85' lang='lat' dir='ltr'><strong>Ex.</strong></span> <span class='ocrx_word' id='word_1_219' title='bbox 2147 4027 2182 4096; x_wconf 81' lang='lat'><strong>3.</strong></span> 
     </span>
     <span class='ocr_line' id='line_1_26' title="bbox 523 4139 2186 4255; baseline -0.005 -31"><span class='ocrx_word' id='word_1_220' title='bbox 523 4146 722 4225; x_wconf 81' lang='lat' dir='ltr'><strong>construtta</strong></span> <span class='ocrx_word' id='word_1_221' title='bbox 749 4151 910 4225; x_wconf 85' lang='lat' dir='ltr'><strong>fuerunt.</strong></span> <span class='ocrx_word' id='word_1_222' title='bbox 981 4144 1149 4223; x_wconf 81' lang='lat' dir='ltr'><strong>Circulos</strong></span> <span class='ocrx_word' id='word_1_223' title='bbox 1183 4147 1221 4223; x_wconf 84' lang='lat' dir='ltr'><strong>dt</strong></span> <span class='ocrx_word' id='word_1_224' title='bbox 1252 4145 1383 4247; x_wconf 87' lang='lat' dir='ltr'><strong>ellipsis</strong></span> <span class='ocrx_word' id='word_1_225' title='bbox 1409 4141 1549 4226; x_wconf 83' lang='lat' dir='ltr'><strong>limites</strong></span> <span class='ocrx_word' id='word_1_226' title='bbox 1573 4141 1774 4244; x_wconf 74' lang='lat' dir='ltr'><strong>[respeitivd</strong></span> <span class='ocrx_word' id='word_1_227' title='bbox 1809 4146 1891 4224; x_wconf 86' lang='lat' dir='ltr'><strong>sunt</strong></span> <span class='ocrx_word' id='word_1_228' title='bbox 1922 4161 2000 4226; x_wconf 87' lang='lat' dir='ltr'><strong>tam</strong></span> <span class='ocrx_word' id='word_1_229' title='bbox 2030 4139 2186 4255; x_wconf 83' lang='lat' dir='ltr'><strong>summa·</strong></span> 
     </span>
     <span class='ocr_line' id='line_1_27' title="bbox 521 4259 2188 4390; baseline -0.007 -22"><span class='ocrx_word' id='word_1_230' title='bbox 521 4310 606 4368; x_wconf 81' lang='lat' dir='ltr'><strong>rum</strong></span> <span class='ocrx_word' id='word_1_231' title='bbox 632 4291 870 4368; x_wconf 89' lang='lat' dir='ltr'><strong>crescentium</strong></span> <span class='ocrx_word' id='word_1_232' title='bbox 898 4259 1341 4388; x_wconf 83' lang='lat' dir='ltr'><strong>parallelogrammorum,</strong></span> <span class='ocrx_word' id='word_1_233' title='bbox 1376 4269 1568 4390; x_wconf 61' lang='lat' dir='ltr'><strong>quae&#39;ipfis,</strong></span> <span class='ocrx_word' id='word_1_234' title='bbox 1591 4285 1855 4378; x_wconf 87' lang='lat' dir='ltr'><strong>inscribuntur,</strong></span> <span class='ocrx_word' id='word_1_235' title='bbox 1894 4313 2006 4386; x_wconf 88' lang='lat' dir='ltr'><strong>quam</strong></span> <span class='ocrx_word' id='word_1_236' title='bbox 2030 4283 2188 4358; x_wconf 72' lang='lat' dir='ltr'><strong>summa-</strong></span> 
     </span>
     <span class='ocr_line' id='line_1_28' title="bbox 520 4417 2187 4528; baseline -0.003 -21"><span class='ocrx_word' id='word_1_237' title='bbox 520 4457 606 4514; x_wconf 80' lang='lat' dir='ltr'><strong>rum</strong></span> <span class='ocrx_word' id='word_1_238' title='bbox 639 4417 926 4507; x_wconf 75' lang='lat' dir='ltr'><strong>decrescentium</strong></span> <span class='ocrx_word' id='word_1_239' title='bbox 958 4425 1404 4528; x_wconf 84' lang='lat' dir='ltr'><strong>parallelogrammorum,</strong></span> <span class='ocrx_word' id='word_1_240' title='bbox 1442 4453 1527 4526; x_wconf 87' lang='lat' dir='ltr'><strong>quae</strong></span> <span class='ocrx_word' id='word_1_241' title='bbox 1558 4426 1642 4527; x_wconf 82' lang='lat' dir='ltr'><strong>ipfis</strong></span> <span class='ocrx_word' id='word_1_242' title='bbox 1678 4425 2031 4504; x_wconf 89' lang='lat' dir='ltr'><strong>circumscribuntur.</strong></span> <span class='ocrx_word' id='word_1_243' title='bbox 2109 4421 2187 4502; x_wconf 80' lang='lat' dir='ltr'><strong>sed</strong></span> 
     </span>
     <span class='ocr_line' id='line_1_29' title="bbox 522 4535 2189 4682; baseline -0.008 -26"><span class='ocrx_word' id='word_1_244' title='bbox 522 4579 675 4656; x_wconf 79' lang='lat' dir='ltr'><strong>srunmae</strong></span> <span class='ocrx_word' id='word_1_245' title='bbox 697 4575 992 4682; x_wconf 82' lang='lat' dir='ltr'><strong>retiangulorum</strong></span> <span class='ocrx_word' id='word_1_246' title='bbox 1014 4568 1153 4681; x_wconf 87' lang='lat' dir='ltr'><strong>circulo</strong></span> <span class='ocrx_word' id='word_1_247' title='bbox 1176 4567 1215 4646; x_wconf 79' lang='lat' dir='ltr'><strong>dc</strong></span> <span class='ocrx_word' id='word_1_248' title='bbox 1245 4568 1363 4678; x_wconf 25' lang='lat' dir='ltr'><strong>ellipsr,</strong></span> <span class='ocrx_word' id='word_1_249' title='bbox 1374 4535 1630 4671; x_wconf 84' lang='lat' dir='ltr'><strong>inscriptorum</strong></span> <span class='ocrx_word' id='word_1_250' title='bbox 1651 4583 1717 4646; x_wconf 90' lang='lat' dir='ltr'><strong>aut</strong></span> <span class='ocrx_word' id='word_1_251' title='bbox 1734 4565 2088 4666; x_wconf 87' lang='lat' dir='ltr'><strong>circumscriptorum</strong></span> <span class='ocrx_word' id='word_1_252' title='bbox 2105 4566 2189 4642; x_wconf 81' lang='lat' dir='ltr'><strong>sunt</strong></span> 
     </span>
     <span class='ocr_line' id='line_1_30' title="bbox 523 4707 2190 4815; baseline -0.007 -19"><span class='ocrx_word' id='word_1_253' title='bbox 523 4715 701 4796; x_wconf 88' lang='lat' dir='ltr'><strong>interse</strong></span> <span class='ocrx_word' id='word_1_254' title='bbox 692 4739 729 4791; x_wconf 86' lang='lat' dir='ltr'><strong>ru</strong></span> <span class='ocrx_word' id='word_1_255' title='bbox 745 4717 886 4793; x_wconf 86' lang='lat' dir='ltr'><strong>ratione</strong></span> <span class='ocrx_word' id='word_1_256' title='bbox 902 4715 1081 4792; x_wconf 88' lang='lat' dir='ltr'><strong>constanti</strong></span> <span class='ocrx_word' id='word_1_257' title='bbox 1098 4713 1227 4815; x_wconf 89' lang='lat' dir='ltr'><strong>prioris</strong></span> <span class='ocrx_word' id='word_1_258' title='bbox 1244 4713 1325 4789; x_wconf 84' lang='lat' dir='ltr'><strong>axis</strong></span> <span class='ocrx_word' id='word_1_259' title='bbox 1350 4711 1483 4814; x_wconf 90' lang='lat' dir='ltr'><strong>ellipfis</strong></span> <span class='ocrx_word' id='word_1_260' title='bbox 1507 4713 1557 4790; x_wconf 93' lang='lat' dir='ltr'><strong>ad</strong></span> <span class='ocrx_word' id='word_1_261' title='bbox 1580 4737 1691 4793; x_wconf 87' lang='lat' dir='ltr'><strong>axem</strong></span> <span class='ocrx_word' id='word_1_262' title='bbox 1719 4711 1756 4789; x_wconf 83' lang='lat' dir='ltr'><strong>ei</strong></span> <span class='ocrx_word' id='word_1_263' title='bbox 1772 4707 2024 4808; x_wconf 81' lang='lat' dir='ltr'><strong>conjugatum</strong></span> <span class='ocrx_word' id='word_1_264' title='bbox 2088 4707 2190 4804; x_wconf 89' lang='lat' dir='ltr'><strong>Ergo</strong></span> 
     </span>
     <span class='ocr_line' id='line_1_31' title="bbox 525 4821 1967 4972; baseline -0.006 -36"><span class='ocrx_word' id='word_1_265' title='bbox 525 4863 639 4938; x_wconf 87' lang='lat' dir='ltr'><strong>etiam</strong></span> <span class='ocrx_word' id='word_1_266' title='bbox 668 4859 825 4938; x_wconf 75' lang='lat' dir='ltr'><strong>circidus</strong></span> <span class='ocrx_word' id='word_1_267' title='bbox 845 4844 883 4932; x_wconf 71' lang='lat' dir='ltr'><strong>dr</strong></span> <span class='ocrx_word' id='word_1_268' title='bbox 908 4840 1040 4971; x_wconf 81' lang='lat' dir='ltr'><strong>ellipsis</strong></span> <span class='ocrx_word' id='word_1_269' title='bbox 1064 4857 1173 4946; x_wconf 82' lang='lat' dir='ltr'><strong>sunt</strong></span> <span class='ocrx_word' id='word_1_270' title='bbox 1164 4872 1260 4936; x_wconf 89' lang='lat' dir='ltr'><strong>mter</strong></span> <span class='ocrx_word' id='word_1_271' title='bbox 1284 4856 1346 4935; x_wconf 90' lang='lat' dir='ltr'><strong>se</strong></span> <span class='ocrx_word' id='word_1_272' title='bbox 1336 4844 1376 4935; x_wconf 86' lang='lat' dir='ltr'><strong>ui</strong></span> <span class='ocrx_word' id='word_1_273' title='bbox 1376 4846 1532 4972; x_wconf 77' lang='lat' dir='ltr'><strong>ratione</strong></span> <span class='ocrx_word' id='word_1_274' title='bbox 1561 4821 1650 4934; x_wconf 86' lang='lat' dir='ltr'><strong>data</strong></span> <span class='ocrx_word' id='word_1_275' title='bbox 1669 4850 1806 4932; x_wconf 85' lang='lat' dir='ltr'><strong>horum</strong></span> <span class='ocrx_word' id='word_1_276' title='bbox 1829 4851 1967 4928; x_wconf 86' lang='lat' dir='ltr'><strong>axium.</strong></span> 
     </span>
     <span class='ocr_line' id='line_1_32' title="bbox 520 4965 2195 5104; baseline -0.008 -21"><span class='ocrx_word' id='word_1_277' title='bbox 520 4977 525 4984; x_wconf 44' lang='grc'><strong>’</strong></span> <span class='ocrx_word' id='word_1_278' title='bbox 620 5001 799 5082; x_wconf 87' lang='lat' dir='ltr'><strong>Similiter</strong></span> <span class='ocrx_word' id='word_1_279' title='bbox 825 4973 1049 5100; x_wconf 86' lang='lat' dir='ltr'><strong>comparatio</strong></span> <span class='ocrx_word' id='word_1_280' title='bbox 1079 4997 1280 5082; x_wconf 85' lang='lat' dir='ltr'><strong>instituitur</strong></span> <span class='ocrx_word' id='word_1_281' title='bbox 1305 4999 1456 5104; x_wconf 81' lang='lat' dir='ltr'><strong>sphaerae</strong></span> <span class='ocrx_word' id='word_1_282' title='bbox 1482 4965 1521 5076; x_wconf 79' lang='lat' dir='ltr'><strong>dc</strong></span> <span class='ocrx_word' id='word_1_283' title='bbox 1545 4969 1759 5097; x_wconf 66' lang='lat' dir='ltr'><strong>eripimur,</strong></span> <span class='ocrx_word' id='word_1_284' title='bbox 1800 4999 1985 5076; x_wconf 83' lang='lat' dir='ltr'><strong>rotatione</strong></span> <span class='ocrx_word' id='word_1_285' title='bbox 2006 4967 2134 5070; x_wconf 89' lang='lat' dir='ltr'><strong>circuli</strong></span> <span class='ocrx_word' id='word_1_286' title='bbox 2155 4991 2195 5070; x_wconf 90' lang='lat'>&amp;</span> 
     </span>
    </p>

    <p class='ocr_par' dir='ltr' id='par_1_11' title="bbox 2062 5131 2194 5236">
     <span class='ocr_line' id='line_1_33' title="bbox 2062 5131 2194 5236; baseline -0.023 -23"><span class='ocrx_word' id='word_1_287' title='bbox 2062 5131 2194 5236; x_wconf 75' lang='lat' dir='ltr'><strong>ellipsis</strong></span> 
     </span>
    </p>
   </div>
   <div class='ocr_carea' id='block_1_10' title="bbox 0 0 2505 6244">
    <p class='ocr_par' dir='ltr' id='par_1_12' title="bbox 0 0 2505 6244">
     <span class='ocr_line' id='line_1_34' title="bbox 0 0 2505 6244; baseline 0 0"><span class='ocrx_word' id='word_1_288' title='bbox 0 0 2505 6244; x_wconf 95' lang='lat' dir='ltr'><strong> </strong></span> 
     </span>
    </p>
   </div>
  </div>
 </body>
</html>
