4922 6264
556 595 628 676 254

650 755 705 834 Ut
729 753 801 832 hoc
828 753 999 842 eveniat,
1022 752 1177 832 sunslio
1203 765 1233 832 P
1255 752 1429 834 sasiorem
1462 758 1594 848 (ιε-α)Ιι
1627 755 1688 831 sen
1711 757 1841 850 (o·x)¹¹
1870 757 2059 836 continere
2091 759 2223 855 debet,

485 993 494 1008 „
555 899 665 1002 cujus
689 923 879 1001 exponens
902 925 925 971 n
947 897 998 974 est
1023 919 1200 1004 numerus
1224 895 1398 995 posrtivus
1420 922 1493 972 non
1517 899 1679 996 integer3
1715 897 1756 976 dc
1776 897 1995 996 magnitudo
2022 899 2138 1001 hujus
2157 929 2228 981 ex·

537 1047 727 1148 'ponentis
753 1045 977 1121 determinat
1004 1041 1171 1117 ordinem
1191 1034 1411 1136 exponentis
1437 1033 1713 1127 differentialis,
1748 1039 1811 1138 qui
1835 1041 1977 1142 primus
1999 1042 2226 1144 impossibilis

481 1235 484 1240 -
545 1187 699 1288 dignum
717 1189 893 1268 involvet.

1485 1327 1527 1476 ἵε
1564 1369 1754 1446 exponens
1781 1305 1841 1423 ‘ff
1878 1354 1962 1434 casu
1990 1381 2017 1429 x
2033 1383 2113 1430 :a
2143 1358 2222 1438 affi.

1783 1423 1835 1497 dx

652 1357 821 1453 Exempla.
871 1354 930 1433 Sit
960 1378 983 1426 a
1012 1351 1138 1431 frasiio
1172 1375 1280 1442 vera,
1317 1350 1379 1428 seu
1403 1310 1477 1486 a}

556 1575 676 1654 cietur
714 1573 816 1672 signo
861 1573 1086 1676 impossibilis
1117 1547 1218 1712 ὡς
1258 1591 1332 1668 quo
1350 1569 1544 1645 docemurr
1569 1544 1786 1668 tangentem
1801 1593 1866 1671 per
1884 1571 2060 1672 pontium
2081 1599 2217 1670 curvae,

556 1739 656 1838 quod
679 1739 836 1821 abscissae
851 1767 957 1816 x=o
974 1738 1186 1840 respondet,
1208 1735 1355 1813 dusiam
1373 1733 1451 1810 fieri
1467 1735 1574 1814 redis
1592 1736 1655 1813 axi
1675 1736 1873 1816 ordinatim
1887 1738 2081 1840 applicatis
2101 1742 2218 1840 paral.

555 1878 683 1971 lelam,
709 1881 771 1962 seu
795 1896 1010 1984 tangentem
1037 1881 1135 1958 hanc
1154 1879 1217 1954 axi
1238 1875 1308 1954 else
1328 1877 1680 1976 perpendicularem.

1394 2030 1463 2100 >1

653 2072 713 2151 Sit
740 2100 763 2146 n
787 2075 913 2153 frasiio
940 2074 1084 2176 spuria,
1121 2069 1337 2170 &quidem
1363 2091 1467 2208 ιφ

1479 2091 1488 2144 :
1533 2081 1616 2148 tum
1642 2095 1833 2175 exponens
1858 2069 2111 2154 differentialis
2135 2026 2220 2221 ἒξ

556 2241 780 2354 impossibilis
798 2245 899 2347 signo
924 2221 1005 2392 <Ji-'i
1029 2248 1170 2349 primus
1190 2241 1360 2321 afficitur.

655 2465 715 2544 Sit
736 2430 862 2609 az}
887 2489 1079 2570 exponens
1095 2459 1351 2568 differentialis
1374 2403 1464 2606 ἓξ
1482 2456 1545 2536 ille
1567 2455 1637 2553 est,
1671 2459 1737 2561 qui
1762 2461 1985 2566 impossibilis
2012 2463 2116 2566 signo
2143 2446 2225 2614 ἐς

549 2625 890 2732 primus'afficimr.

656 2825 862 2909 Universrm
889 2825 934 2906 s1t
962 2788 1100 2962 σεξτ
1110 2798 1150 2901 ¹:
1184 2823 1255 2902 erit
1277 2843 1466 2923 exponens
1488 2818 1744 2901 differentialis
1769 2775 1862 2972 fig
1869 2827 1920 2922 is,
1945 2829 2010 2929 qui
2028 2829 2227 2935 impoffibi..

552 3041 599 3124 lis
621 3013 724 3146 signo
750 3021 843 3195 ἕως
858 3048 999 3150 primus
1023 3041 1194 3122 afficitur.

652 3249 692 3356 ᾖ.
726 3272 809 3344 180.
860 3259 931 3348 Ut,
955 3276 1040 3356 quae
1061 3253 1110 3329 ad
1134 3252 1254 3329 casum
1275 3253 1375 3328 hunc
1398 3253 1602 3352 pertinent,
1630 3278 1677 3332 eo
1701 3253 1900 3334 distinsiius
1922 3255 2089 3336 tradam:
2114 3281 2138 3336 a
2157 3281 2217 3336 ca·

552 3393 653 3516 srbus
680 3397 802 3475 ordiar
829 3395 1113 3498 simplicissimis,
1147 3393 1194 3472 iis
1217 3417 1370 3498 nempe,
1395 3397 1530 3521 quibus
1550 3422 1630 3498 p:
1645 3413 1709 3493 xv,
1739 3397 1801 3478 seu
1821 3423 1843 3476 a
1863 3400 1985 3480 curvis
2005 3401 2220 3504 parabolicis

556 3540 768 3640 aequatione
789 3541 859 3620 hac
880 3538 1090 3640 designatis.

652 3689 703 3768 Et
729 3692 849 3792 primo
874 3693 1024 3794 quidem
1042 3690 1086 3769 srt
1108 3713 1132 3764 a
1155 3713 1332 3770 numerus
1346 3687 1480 3770 stastus
1496 3712 1607 3768 verus
1631 3667 1690 3783 Ε,
1706 3693 1754 3772 ad
1770 3689 2221 3794 simplicissmrosredasius

398 3869 400 3872 ’
426 3855 432 3876 “
554 3860 753 3952 terminon,
786 3858 848 3938 seu
876 3857 985 3959 cujus
1010 3859 1162 3938 termini
1172 3815 1204 3956 'p
1229 3856 1268 3936 dr
1293 3883 1315 3958 q
1347 3859 1539 3940 divisorem
1564 3789 1801 3942 comlnunem
1827 3883 1902 3938 non
1923 3857 2063 3939 habent
2095 3857 2222 3960 (quod

556 4000 678 4104 postea
699 4004 839 4104 semper
855 4002 1109 4104 supponetur).

659 4153 750 4230 Tres
782 4137 982 4232 occurrunt
1006 4152 1253 4254 distinguendi
1276 4151 1389 4236 casus.
1452 4152 1577 4234 Potest
1597 4153 1731 4258 quippe
1757 4150 1941 4232 srastionis
1965 4123 2006 4313 ,ξ
2038 4149 2221 4230 terminus

555 4343 656 4404 unus
680 4322 749 4400 esse
773 4347 858 4426 par,
882 4347 956 4424 quo
978 4316 1061 4397 casu
1082 4317 1175 4395 alter
1194 4322 1265 4398 erit
1281 4321 1417 4423 impar3
1444 4321 1483 4402 δι
1506 4333 1589 4402 tum
1610 4345 1677 4424 par
1693 4319 1766 4400 erit
1786 4317 1846 4400 vel
1865 4327 2080 4398 numerator
2090 4341 2137 4418 p,
2162 4313 2222 4397 vel

454 4513 458 4518 ·
550 4466 817 4548 denominator
831 4493 873 4566 q:
897 4467 958 4549 vel
979 4479 1137 4567 uterque
1157 4463 1339 4541 terminus
1353 4491 1398 4562 p,
1421 4491 1442 4564 q
1461 4467 1578 4569 potest
1603 4465 1673 4546 elie
1693 4467 1823 4567 impar.

654 4653 786 4730 stiones
802 4655 896 4750 casas.
911 4768 929 4824 Ρ
946 4655 1005 4733 Sit
1023 4681 1052 4752 p
1076 4673 1254 4733 numerus
1276 4674 1360 4756 par,
1385 4677 1407 4752 q
1430 4652 1560 4752 impar.

537 4865 542 4878 '
652 4851 862 4930 Funsiionis
888 4827 935 4921 xl
948 4851 1048 4928 idem
1065 4850 1116 4927 est
1132 4851 1252 4941 valor,
1276 4849 1338 4929 seu
1354 4879 1379 4928 a
1394 4851 1460 4929 fiat
1474 4850 1666 4951 negativa,
1684 4851 1746 4932 seu
1756 4849 1929 4956 positiva:
1960 4843 2113 4948 proinde
2129 4843 2222 4922 dua·

553 4985 624 5124 bus
648 4961 802 5074 abscissrs
829 4993 1052 5097 aequalibus,
1077 5015 1233 5094 quarum
1252 5017 1327 5074 una
1349 4992 1518 5102 positiva,
1540 4995 1661 5075 'altera
1683 4997 1859 5093 negativa
1878 4989 1949 5082 est,
1975 4990 2060 5069 duae
2076 4985 2223 5088 respon·

2130 5131 2232 5208 dent
