4906 6250
390 467 574 545 =⁶⁶

623 639 819 740 Observatio-
841 633 901 711 Ex
913 631 973 738 hie
987 629 1154 708 formulis
1168 629 1323 729 plurima
1344 628 1481 705 curiosa
1501 628 1627 705 saitem
1640 629 1871 720 theoremata
1885 628 2018 708 deduci
2028 635 2164 732 possent
2171 660 2184 732 ;

428 744 435 763 Ι
523 782 748 863 conserendo
765 789 828 880 'eas
846 801 932 854 cum
950 771 1136 862 formulis,
1160 795 1244 870 quae
1265 795 1352 848 cum
1371 769 1453 869 ipfis
1473 771 1646 850 identicae
1666 774 1733 850 esse
1752 771 1907 858 debent,
1943 773 1982 849 dr
2006 797 2091 872 quae
2120 791 2186 856 aut

521 925 770 1023 integratione
795 919 1028 1005 immediata,
1053 927 1118 992 aut
1140 915 1326 990 methodis
1347 937 1369 989 a
1392 915 1511 1012 priore
1534 913 1683 992 diversrs
1705 913 1927 990 obtinentur.
1978 916 2028 990 Et
2053 918 2114 993 hic
2131 943 2189 996 re·

523 1066 728 1170 petendum
751 1063 802 1140 est
827 1069 877 1158 (a
894 1057 1062 1156 fortiori)
1084 1057 1287 1160 monitum,
1312 1069 1356 1133 ut
1373 1057 1421 1132 ad
1437 1055 1544 1137 series
1564 1053 1840 1156 Bemoullianas
1856 1081 1929 1134 non
1945 1057 2045 1157 prius
2061 1081 2189 1140 recor<

523 1221 645 1298 ratur,
673 1231 786 1308 quam
802 1206 872 1284 alia
891 1199 1043 1282 subsidia
1061 1199 1203 1301 fuerint
1223 1197 1410 1280 exhausta.

619 1397 822 1492 Exemplum

664 2077 1332 2251 Offae-immi*
1477 2117 1481 2124 ·

784 2353 1012 2458 :C''x÷c
986 2343 1214 2515 κ-Ι--ὖθκῧ
1216 2342 1581 2532 -Ι-Μκῃῆ

634 2787 1793 2968 Z2·-Cffl÷C¹¹¹¹x-i-..CM111x2'4-...fflff-W10xm-
1795 2787 2171 2967 mmo-rm

1147 3183 1282 3261 CAPUT
1331 3183 1537 3270 Qomrtrm.

997 3317 1030 3334 '¹
1061 3335 1137 3425 De
1199 3341 1628 3448 Tangentibus.

1261 3523 1299 3630 i·
1333 3545 1389 3625 38·

391 3719 397 3727 -
502 3671 514 3707 ·'
600 3667 769 3780 Definitio.
814 3621 897 3799 Sit
915 3692 1022 3750 arcus
1037 3690 1178 3762 curvae,
1205 3668 1310 3769 isque
1332 3676 1447 3744 totus
1467 3678 1532 3746 aut
1551 3693 1733 3750 concavus
1754 3681 1820 3749 aut
1837 3696 2026 3753 convexus
2043 3675 2165 3756 versus

503 3823 745 3908 diametrum,
770 3816 818 3891 ad
841 3837 952 3924 quam
971 3815 1146 3908 refertur:
1184 3835 1250 3916 per
1268 3815 1443 3915 puniium
1463 3811 1612 3914 aliquod
1626 3816 1741 3918 hujus
1763 3842 1870 3896 arcus
1893 3821 2049 3898 ducatur
2069 3821 2166 3897 linea
2188 3803 2191 3810 ’

435 3957 445 3973 “
503 3963 617 4052 resta,
651 3983 735 4061 quae
758 3959 855 4062 ipsi
845 3971 899 4034 1ta
925 3971 1111 4050 occurrat,
1143 3968 1187 4036 ut
1210 3957 1259 4035 ad
1284 3929 1478 4059 utramque
1503 3959 1625 4060 pondi
1649 3959 1763 4060 hujus
1786 3973 1930 4062 partem
1954 3975 2060 4042 extra
2086 3985 2168 4040 cur·

501 4121 589 4180 vam
612 4103 743 4201 jaceat.
796 4103 891 4182 Haec
910 4103 1008 4178 reiia
1030 4103 1166 4180 dicitur
1181 4115 1315 4205 tangens
1330 4124 1471 4195 curvae‚
1496 4101 1535 4181 ὃ(
1550 4103 1743 4242 puniium,
1766 4107 1831 4186 ubi
1847 4127 1971 4186 curvae
1994 4106 2164 4188 occurrit,

503 4242 638 4320 dicitur
655 4247 807 4337 prmt'ium
828 4241 998 4320 contortus
1615 4255 1624 4268 '

445 4501 449 4514 .
501 4433 504 4437 ’
598 4428 670 4506 Per
692 4431 865 4528 punstum
892 4429 1081 4512 conradus
1105 4425 1261 4504 dueatur
1289 4434 1386 4510 resta
1417 4436 1597 4513 diametro
1629 4429 1829 4512 ordinatim
1859 4423 2049 4528 applicata·
2116 4427 2157 4505 Si

499 4583 656 4671 tangens
675 4585 842 4651 occurrat
861 4577 1060 4665 diametro,
1091 4574 1269 4674 adquam
1292 4595 1405 4654 curva
1428 4577 1603 4655 refertur:
1639 4599 1723 4678 pars
1749 4573 1920 4651 diametri
1946 4570 2154 4647 ordinatam

463 4837 465 4840 Ι
496 4715 594 4790 inter
618 4738 640 4788 a
664 4709 796 4812 'pundo
819 4719 1006 4796 conradus
1034 4717 1181 4798 dudam
1203 4721 1242 4801 &
1264 4721 1460 4825 punitum,
1492 4720 1554 4800 ubi
1579 4733 1749 4822 tangem
1767 4691 1925 4798 occurrit
1950 4717 2158 4799 diametro,

499 4853 774 4956 comprehensa,
799 4855 934 4934 dicitur
943 4861 1153 4961 subiungens.
1275 4859 1277 4864 ’

2077 4993 2157 5078 Sci-
