4920 6296
758 685 762 698 '
790 688 923 800 Cievr
951 707 1141 768 nncnnnu
1165 707 1375 770 nunnioni.

677 841 747 930 De
801 841 973 950 regula
1028 843 1272 930 Guiuiivi
1328 841 1476 927 dicia.

997 1025 1042 1130 i·
1076 1053 1156 1126 124

254 1134 402 1310 Retia
431 1173 687 1274 magnitudine
710 1172 797 1248 data
823 1170 920 1245 circa
944 1191 1054 1245 axem
1077 1191 1333 1266 quemcunque
1363 1170 1403 1245 in
1430 1172 1562 1247 eodem
1584 1169 1693 1270 plano
1713 1167 1822 1248 litum
1844 1194 1905 1249 re⁴

254 1325 434 1404 volvatur.
502 1315 722 1414 Superficies
750 1310 948 1410 cylindrica
970 1303 1041 1388 ‘vel
1075 1313 1219 1401 conica,
1252 1312 1443 1388 rotatione
1472 1311 1580 1386 retiae
1614 1310 1727 1406 hujus
1760 1311 1904 1409 genita,

256 1464 409 1566 aequalis
427 1455 478 1534 est
498 1453 708 1551 retiangulo
727 1452 789 1529 sub
808 1453 877 1529 hac
898 1453 995 1526 linea
1019 1450 1058 1529 dc
1079 1450 1141 1542 spb
1164 1452 1458 1528 circumferentia
1474 1473 1497 1526 a
1513 1451 1645 1550 punito
1661 1450 1768 1530 lineae
1792 1451 1907 1552 hujus

258 1605 382 1686 medio
411 1596 598 1693 descripta.
661 1593 819 1670 Proinde
844 1593 1070 1694 superficies,
1102 1594 1256 1697 aretia
1272 1593 1527 1691 magnitudine
1555 1594 1642 1670 data
1670 1592 1767 1668 circa
1788 1595 1909 1669 varios

259 1711 364 1828 axes·
377 1740 543 1819 revoluta
564 1737 720 1833 genitae,
752 1735 1038 1836 proportionales
1067 1733 1149 1810 funt
1172 1733 1351 1813 distantiis
1376 1735 1501 1837 punfti
1522 1735 1603 1834 ejus
1625 1734 1740 1812 medii
1766 1735 1812 1813 ab
1839 1757 1910 1810 axe

259 1881 509 1966 revolutionis.

203 2069 211 2076 ·
358 2024 501 2102 Pariter
518 2018 718 2132 cylindrus
736 2019 796 2130 vel
817 2017 974 2096 annulus
999 2015 1237 2114 cylindricus‚
1271 2041 1293 2094 a
1313 2017 1522 2116 retiangulo
1546 2017 1642 2094 circa
1661 2039 1779 2092 unum
1802 2013 1912 2114 ipsius

258 2171 378 2257 latus,
404 2163 463 2242 vel
477 2163 572 2239 circa
589 2161 723 2238 restam
740 2161 805 2238 uni
827 2185 873 2234 ex
895 2161 1071 2236 lateribus
1088 2158 1170 2258 ejus
1188 2138 1396 2259 parallelam
1416 2160 1584 2238 revoluto
1599 2161 1763 2259 genitus,
1789 2180 1914 2258 aequa·

259 2311 306 2388 lis
331 2305 384 2382 est
410 2302 594 2404 primati,
620 2298 728 2399 cujus
752 2299 844 2378 basis
873 2297 924 2375 est
945 2299 1060 2398 ipsum
1086 2301 1355 2398 reflangulum,
1386 2299 1424 2377 δι
1449 2299 1556 2400 cujus
1582 2302 1739 2379 altitudo
1760 2300 1913 2399 aequalis

262 2450 313 2528 est
335 2443 660 2529 circumferentiae,
694 2465 805 2538 quam
829 2457 997 2515 centrum
1021 2441 1151 2537 figurae
1172 2440 1372 2538 retianguli
1391 2441 1462 2517 hac
1488 2444 1716 2519 revolutione
1737 2441 1916 2544 percurrit

261 2593 324 2670 seu
343 2597 505 2688 generat.
559 2583 683 2660 Solida
703 2580 816 2674 igitur
834 2581 879 2657 ab
900 2581 1031 2656 eodem
1049 2579 1278 2675 redingum,
1304 2581 1399 2656 circa
1423 2584 1543 2658 varios
1561 2606 1651 2659 axes
1671 2587 1735 2662 uni
1755 2584 1914 2661 laterum

264 2732 347 2832 ejus
371 2713 561 2828 parallelos
583 2705 768 2810 revoluto,
805 2722 931 2816 g'enita
955 2721 1234 2820 proportionalia
1258 2721 1341 2798 funt
1367 2721 1546 2828 distantiis
1574 2727 1691 2802 centri
1717 2725 1833 2826 hujus
1857 2750 1914 2802 re·

264 2869 424 2968 &anguli
443 2866 489 2944 ab
511 2889 581 2974 axe
603 2839 851 2938 revolutionis

358 3013 430 3089 His
446 3004 625 3103 exemplis
646 2999 830 3102 (omnium
846 2999 1127 3097 simplicissimis)
1146 2999 1352 3110 praemissis,
1369 3001 1476 3076 facile
1490 3002 1728 3099 intelligitur,
1754 3005 1844 3102 quid
1853 3006 1917 3084 sibi
1984 3097 1990 3112 ἢ

133 3127 141 3130 -
254 3157 354 3256 „velit
379 3150 508 3246 regula
537 3146 656 3242 capite
685 3143 756 3216 lioc
781 3139 1007 3236 explicanda.
1068 3141 1218 3220 Scilicet
1241 3143 1349 3219 lineae
1374 3143 1433 3217 vel
1456 3141 1661 3242 superficies
1687 3166 1917 3244 quaecunque

264 3315 342 3377 tam
367 3291 482 3390 specie
508 3274 623 3384 quain
643 3280 897 3375 magnitudine
923 3251 1021 3358 datae
1048 3283 1146 3362 circa
1170 3308 1280 3360 axem
1302 3282 1462 3383 aliquem
1481 3285 1733 3363 revolvantur:
1771 3288 1921 3388 superli-

265 3439 340 3538 cies
360 3431 420 3508 vel
441 3425 571 3512 solida,
602 3420 784 3498 rotatione
803 3421 872 3498 hac
895 3422 1037 3520 genita,
1073 3424 1155 3501 sunt
1175 3427 1271 3504 inter
1294 3429 1328 3504 fe
1350 3429 1387 3506 in
1409 3427 1551 3504 ratione
1574 3427 1771 3530 compotita
1794 3455 1842 3506 ex
1860 3456 1920 3508 ra·

107 3583 110 3590 ‘
265 3575 427 3658 tionibus
449 3567 747 3666 magnitudinum
767 3579 878 3665 atque
893 3565 1272 3646 circumferentiarum
1292 3570 1461 3672 apuntto
1478 3569 1656 3667 quodam,
1679 3571 1788 3670 quus
1811 3570 1921 3652 situm

266 3713 484 3813 magnitudo
503 3707 663 3808 genitrix
684 3708 922 3796 determinat,
948 3707 1219 3807 descriptarum.
1715 3797 1720 3804 ῃ

364 3855 461 3932 Cum
486 3829 615 3948 regula
635 3825 719 3924 haec
744 3848 1090 3926 determinationem
1111 3851 1326 3950 capacitatis
1350 3817 1613 3954 &superficiei
1641 3852 1836 3932 solidorum
1860 3879 1920 3932 ro·

123 3973 127 3980 ’
265 3999 468 4078 bundorum
501 3993 574 4096 (de
603 4016 677 4092 qua
703 3991 846 4066 duobus
870 3981 1060 4089 postremis
1083 3991 1264 4090 capitibus
1288 3993 1409 4074 auum
1436 3995 1536 4092 suit)
1568 3996 1768 4078 admodum
1793 3995 1919 4096 iuvet3

268 4167 290 4218 e
316 4165 356 4218 re
378 4138 448 4216 esse
473 4133 618 4225 censeo,
643 4132 883 4208 fundamenta
900 4131 983 4231 ejus
997 4132 1070 4208 hoc
1091 4131 1173 4210 loco
1192 4158 1387 4236 exponere.

366 4321 406 4427 ς.
436 4341 518 4416 125.
569 4323 709 4394 Lemma·
758 4315 843 4394 Sint
868 4315 1050 4415 quotlibet
1068 4316 1202 4415 punita
1220 4320 1260 4398 in
1278 4307 1542 4422 eodem'plaiio
1558 4318 1733 4422 positione
1749 4322 1854 4414 data,
1880 4325 1921 4404 dc

269 4467 339 4546 sint
361 4467 520 4544 totidem
537 4463 644 4542 retiae
665 4459 922 4558 magnitudine
946 4459 1062 4538 datae..
1114 4457 1175 4536 Ex
1194 4464 1369 4542 ¹omnibus
1391 4463 1533 4562 punitis
1560 4462 1658 4538 datis
1676 4449 1921 4544 demittantur

268 4610 309 4688 in
335 4607 470 4684 retiam
501 4609 703 4706 quamlibet
729 4605 769 4680 in
796 4603 927 4680 eodem
950 4601 1062 4701 plano.
1086 4600 1192 4680 sitam
1215 4605 1324 4681 retlae
1346 4602 1675 4704 perpendiculares.
1744 4607 1922 4684 Sumatur

269 4749 410 4830 summa
431 4749 725 4854 reslangulorum
751 4747 928 4826 fastorum
953 4766 1000 4819 ex
1025 4742 1084 4818 his
1103 4743 1372 4843 perpendiculis
1400 4742 1440 4822 dc
1464 4767 1512 4822 ex
1536 4744 1641 4824 lineis
1666 4749 1921 4844 magnitudine

272 4891 367 4970 datis
391 4891 596 4994 respetiive.
650 4892 771 4994 ¹Dico:
794 4888 883 4968 dari
905 4889 945 4968 in
969 4885 1101 4978 eodem
1126 4885 1234 4986 piano
1256 4885 1456 4987 punfium„
1485 4911 1534 4966 ex
1560 4912 1632 4988 quo
1655 4887 1680 4964 si
1704 4889 1744 4966 iii
1766 4893 1924 4967 eandem
2078 4929 2085 4936 ·

282 5047 286 5058 '
1096 5027 1179 5105 Aa
1789 5029 1925 5106 retiam
