4922 6264
1874 521 1945 600 271

387 673 569 820 Enempla
595 685 679 764 haec
701 627 913 764 ostendunt,
941 665 1163 752 methodum
1187 671 1423 774 posteriorem
1445 679 1657 776 (quatenus
1676 679 1945 777 quantitatum,

285 875 371 955 quae
395 825 572 980 ffiffl?
594 845 701 924 reddi
724 842 881 930 debent,
913 838 1164 921 evolutionem
1187 864 1263 918 non
1289 837 1462 941 requirit)
1496 843 1615 942 priore
1634 843 1814 922 methodo
1833 865 1947 944 gene·

282 1015 350 1094 sali
369 1012 465 1117 polle
485 1009 555 1088 etse
579 1003 782 1085 faciliorem
800 1021 842 1074 ac
860 999 1077 1106 breuiorem.

243 1293 247 1298 ¹
379 1196 420 1302 §.
447 1213 542 1294 185.
580 1195 624 1272 In
647 1187 829 1286 exemplis
855 1189 1150 1288 praecedentibus
1181 1184 1311 1263 relatio
1335 1161 1441 1264 finita
1467 1189 1565 1264 inter
1589 1193 1853 1289 quantitates,
1842 1221 1944 1278 mco

284 1344 411 1444 gnitas
426 1342 480 1450 ita
499 1337 571 1416 fuit
586 1333 664 1437 post
681 1329 1030 1412 differentiationem
1046 1328 1312 1417 determinata,
1335 1341 1379 1405 ut
1398 1327 1483 1429 iplae
1501 1334 1753 1428 quantitates
1742 1341 1943 1440 incognitae

280 1481 426 1583 (quoad
447 1443 658 1577 imperfefta
675 1472 939 1570 .aequationum
960 1474 1122 1554 dottn'na
1146 1473 1349 1574 permittit)
1373 1451 1512 1571 possent
1534 1469 1711 1571 affignari.
1779 1467 1944 1565 Transeo
1990 1463 1994 1476 ⁸

282 1625 332 1704 ad
344 1621 533 1722 exempla,
559 1617 693 1718 quibus
712 1613 863 1714 quaestio
876 1614 1056 1718 proposita
1066 1615 1351 1694 indeterminata
1363 1615 1432 1692 elle
1447 1615 1611 1708 videtur,
1642 1619 1944 1723 quoniamquan.

278 1770 432 1845 titutum
454 1760 727 1860 incognitarum
757 1779 935 1838 numerus
957 1757 1105 1836 videtur
1127 1759 1381 1859 aequationum
1405 1780 1603 1848 numerum
1621 1757 1815 1864 superare:
1853 1789 1943 1850 cum

274 1919 404 1984 tamen
430 1902 582 2005 quaestio
595 1899 776 2003 proposita
793 1901 918 2002 rea'ple
896 1899 982 1978 esrt
1001 1901 1266 1992 determinata,
1291 1898 1317 1974 sr
1335 1911 1468 1976 natura
1484 1897 1567 1998 ejus
1586 1905 1767 2000 attentius
1784 1929 1940 2010 perpen

276 2051 397 2126 datur.
468 2047 552 2123 Hoc
586 2043 828 2144 quaestionum
851 2068 970 2144 genus
1006 2057 1050 2121 ut
1073 2045 1218 2125 facilius
1250 2043 1499 2143 intelligatur,
1535 2046 1710 2126 nonnulla
1735 2073 1939 2210 proponam
2008 2047 2015 2058 '
2108 2103 2111 2110 -

274 2189 462 2291 exempla,
487 2186 803 2290 afimplicioribus
824 2191 1013 2322 ordiendo.

352 2380 563 2484 Exemplum
577 2381 731 2474 primum
784 2379 939 2458 Summa
960 2375 1140 2480 propofita
1161 2401 1181 2447 a
1204 2374 1403 2456 dividenda
1426 2375 1471 2456 sn
1495 2378 1535 2456 in
1557 2389 1635 2456 tres
1656 2391 1799 2482 partes,
1822 2383 1935 2466 ficut

270 2519 412 2604 summa
434 2505 699 2624 quadratorum
720 2549 769 2600 ex
790 2522 924 2621 iisdem
942 2521 1120 2628 1111111111
1138 2517 1182 2596 sn
1198 2520 1364 2626 omnium
1382 2519 1547 2600 minima.

366 2692 451 2769 Hoc
467 2676 553 2770 'calu
571 2705 648 2771 tres
673 2699 872 2773 occurrunt
887 2687 1115 2786 quantitates
1130 2684 1350 2781 incognitae3
1376 2683 1415 2762 dc
1432 2691 1558 2766 tamen
1572 2690 1690 2789 prima
1709 2669 1830 2772 fronte
1846 2696 1933 2778 duae

213 2861 218 2868 ·
268 2841 416 2914 tantum
442 2838 595 2937 proponi
615 2832 845 2913 conditiones
870 2828 1066 2918 videntur,
1106 2821 1263 2943 quarum
1289 2805 1363 2900 una
1390 2827 1438 2901 ad
1459 2828 1640 2908 summam
1668 2835 1794 2914 datam
1818 2840 1934 2920 trium

266 2961 429 3078 partium
444 2961 631 3070 refertur‚·
644 2977 760 3054 altera
775 2970 823 3048 ad
846 2969 1026 3046 summam
1046 2969 1213 3040 omnium
1228 2962 1421 3037 minimam
1437 2967 1703 3062 quadratorum
1717 2980 1934 3057 eanmdem.
1992 3063 1994 3070 y
2093 3053 2097 3062 ,

268 3121 390 3209 Quare
412 3121 601 3222 problema
625 3113 847 3216 propofitum
866 3109 983 3208 potest
1002 3105 1120 3187 videri
1137 3101 1487 3182 indeterminatum:
1518 3107 1619 3204 quod
1644 3120 1790 3202 tamen,
1812 3134 1856 3190 11
1871 3141 1933 3198 ac.
1966 3125 1974 3196 ζ
2093 3101 2096 3108 ’

159 3365 168 3385 ·
266 3263 431 3337 curatius
450 3257 645 3358 perpensa,
670 3252 793 3358 reapse
806 3250 857 3329 est
873 3248 1172 3328 determinatum.
1207 3246 1394 3374 Etenim,
1411 3259 1518 3349 parte
1534 3252 1698 3350 qualibet
1708 3258 1840 3338 eadem
1850 3285 1932 3342 mas

265 3411 398 3488 nente,
420 3399 506 3478 duae
525 3401 678 3498 reliquae
696 3409 819 3500 partes
838 3393 975 3472 debent
991 3389 1060 3468 else
1072 3388 1233 3469 inuicem
1249 3391 1433 3489 aequales,
1454 3404 1499 3469 ut
1509 3395 1773 3489 quadratorum
1787 3404 1929 3486 summa

266 3538 401 3640 (posna
419 3543 529 3619 unius
546 3544 662 3644 partis
686 3534 906 3638 constantia)
935 3533 980 3610 fit
1004 3532 1171 3656 omnium
1193 3511 1358 3612 minima.
1411 3537 1570 3614 Proinde
1593 3553 1716 3640 partes
1734 3547 1927 3648 propositae

266 3683 365 3762 binae
381 3682 512 3762 sumtae
534 3686 671 3764 debent
691 3683 759 3759 elle
774 3683 933 3758 invicem
948 3677 1110 3779 aequales
1117 3699 1129 3772 3
1155 3678 1255 3754 unde
1274 3688 1350 3752 tres
1369 3687 1493 3778 partes
1511 3663 1650 3760 debent
1672 3686 1741 3762 elle
1765 3688 1927 3768 invicem

265 3825 439 3926 aequales.
502 3823 752 3902 Ratiocinium
779 3824 853 3900 hoc
882 3821 1085 3923 applicatur
1112 3820 1376 3896 adnumerum
1396 3844 1654 3925 quemcunque
1681 3817 1860 3927 partitun,
1886 3831 1927 3910 in
2065 3809 2071 3820 ’
2134 3885 2141 3902 .

262 3991 357 4072 quas
380 3969 521 4046 summa
546 3943 634 4045 data
657 3966 709 4044 est
735 3965 952 4058 dividenda,
986 3975 1031 4041 ut
1051 3963 1213 4065 partium
1229 3963 1497 4063 'quadratorum
1520 3968 1663 4050 11111111
1687 3967 1732 4048 srt
1757 3971 1930 4056 omnium
1965 4041 1971 4052 ,
2023 4057 2028 4076 .

260 4113 426 4207 minima.
477 4112 639 4190 Transeo
659 4112 708 4188 ad
734 4119 961 4210 computum.

358 4301 418 4382 Srt
439 4301 620 4378 Summa
641 4299 745 4391 data;
771 4295 811 4374 &
833 4294 966 4389 111111,
988 4321 1031 4396 y,
1055 4321 1081 4375 a
1101 4306 1225 4400 partes
1245 4296 1420 4396 quaelitae.

257 4467 964 4568 Eritideox÷y÷a=8
1292 4549 1329 4592 ⁴

358 4651 365 4663 ·
476 4659 527 4708 xx
549 4642 589 4722 1-
605 4658 652 4733 yy
673 4644 712 4724 1-
729 4655 828 4710 uz:
850 4634 1014 4711 minimo.
1075 4633 1136 4714 Sit
1150 4657 1173 4710 a
1188 4631 1378 4770 quantitas
1392 4631 1566 4734 quaedam
1578 4631 1785 4726 mutabilis,
1810 4629 1923 4732 cujus

154 4861 169 4902 „
257 4782 484 4874 mutationes
492 4801 570 4950 ¹pro
594 4777 842 4860 constantibus
861 4764 1062 4862 sumantur.
