4906 6250
511 382 559 470 78

510 548 571 628 Ob
595 548 727 632 calculi
752 563 879 632 autem
909 551 1099 654 integralis
1125 551 1436 654 imperfetiionem
1459 549 1674 656 plerumque
1693 558 1781 639 huic
1803 570 2025 664 problemati
2046 569 2171 670 (quod

510 693 671 770 methodus
690 693 885 828 tangentium
914 700 1036 794 inuersa
1059 701 1234 786 vocatur)
1259 695 1468 792 aequatione
1493 700 1660 774 terminis
1682 699 1797 776 finitis
1821 710 1985 802 expressa
2006 714 2176 796 satisfieri

188 911 192 920 Ι
259 839 268 848 ·
362 839 364 844 ·
509 838 651 936 nequit.
709 834 788 911 imo
807 835 888 911 sunt
915 828 1018 914 caius'
1044 837 1211 920 nonnulii,
1232 838 1347 912 etiam
1371 835 1629 938 simpliciffimi,
1661 844 1725 941 qui
1747 843 1934 920 methodis
1957 849 2032 928 huc
2051 879 2172 956 usque

509 976 685 1075 expofitis
704 978 847 1056 tratiari
871 1004 947 1056 non
969 976 1063 1081 polle
1084 979 1275 1070 videntur,
1301 979 1340 1058 ἃ
1360 979 1406 1057 de
1429 982 1562 1080 quibus
1582 984 1735 1060 inferius
1756 986 1936 1065 dicemus.
1998 991 2178 1100 Exempli

511 1121 616 1200 cana
638 1123 691 1222 int
723 1138 797 1198 ιτ.
825 1095 930 1271 {31³
969 1128 1040 1207 eru
1069 1097 1162 1268 a}
1189 1163 1228 1198 ε
1248 1080 1342 1278 a}
1376 1129 1424 1206 ae
1442 1153 1515 1231 qua
1539 1131 1715 1252 consuta,
1748 1132 1787 1213 u
1805 1133 1886 1212 aurs
1904 1133 2172 1243 iperandas,

509 1291 604 1372 inira
631 1318 814 1393 agemus.¹
1297 1223 1321 1298 y

443 1401 460 1436 f
606 1435 645 1546 §.
672 1450 732 1542 46.
785 1441 1023 1540 Quaecunque
1047 1439 1092 1518 fit
1113 1440 1226 1537 origo,
1240 1459 1363 1516 curvae
1390 1433 1546 1536 alicuius
1570 1441 1806 1542 algemam,
1840 1465 1884 1521 ea
1899 1442 2038 1546 semper
2054 1449 2170 1548 potest

457 1651 461 1657 .
506 1581 557 1661 ad
575 1586 825 1684 aequationem
847 1581 975 1662 reduci
994 1583 1090 1657 inter
1109 1581 1225 1656 retias
1246 1580 1477 1657 coordinatus
1501 1581 1662 1684 respetiu
1684 1585 1841 1686 alicujus
1864 1587 2049 1664 diametri.
2099 1589 2168 1670 Ex.

505 1749 562 1824 gr.
595 1727 797 1806 constantia
820 1723 971 1800 summae
993 1720 1247 1798 distantiarum
1270 1718 1438 1822 cujusvis
1463 1725 1587 1826 puniti
1612 1725 1775 1828 ellipseos
1801 1727 1846 1806 ab
1871 1725 1955 1826 ejus
1980 1725 2073 1806 focis
2104 1753 2198 1834 pro·

406 1883 412 1896 '
504 1869 776 1954 fiindamentali
791 1865 899 1967 ipfius
918 1867 1142 1965 proprietate
1158 1837 1333 1956 aliumta,
1357 1891 1405 1942 ex
1425 1865 1487 1945 illa
1507 1867 1703 1948 deducitur
1726 1852 1856 1980 relatio
1873 1866 2169 1951 coordinatorum

505 1975 719 2090 alterutrius
742 2009 871 2086 axium
909 2007 986 2082 imo
1016 2007 1057 2087 dc
1084 2007 1244 2110 respetiu
1268 2007 1426 2088 duarum
1458 2011 1706 2109 quarumlibet
1736 2013 2003 2090 diametrorum
2038 2014 2168 2115 conju·

504 2166 697 2252 getarum:
723 2149 823 2252 quod
838 2148 972 2228 stilicet
990 2149 1170 2251 quadrata
1196 2149 1376 2228 redarum
1400 2152 1582 2229 diametro
1608 2153 1814 2248 cuicunque
1838 2153 2037 2230 ordinatim
2054 2158 2169 2258 appii·

505 2303 674 2372 catarum
701 2295 984 2398 proportionalia
1013 2293 1083 2376 sint
1111 2294 1331 2394 rettangulis
1357 2293 1420 2372 sub
1447 2290 1600 2373 absciffls
1630 2290 1801 2393 ejusdem
1829 2295 2013 2374 diametri.
2063 2299 2168 2382 idem

505 2434 606 2518 valet
622 2436 669 2515 de
688 2439 912 2543 hyperbola3
935 2406 1144 2540 pariterque
1165 2439 1212 2516 de
1228 2439 1399 2518 omnibus
1422 2434 1637 2519 teutonibus
1653 2438 1807 2529 conteis,
1832 2439 2065 2542 proprietatis
2085 2445 2170 2526 fun-

463 2689 469 2703 ·
505 2578 728 2664 damentalis
754 2585 836 2662 loco
861 2581 983 2659 sumta
1009 2579 1152 2657 ratione
1178 2580 1267 2655 data
1294 2577 1548 2658 distantiarum
1577 2581 1743 2684 cujusvis
1773 2584 1897 2686 punsti
1918 2584 1964 2665 ab
1987 2584 2168 2669 alterutro

505 2723 692 2804 incolite
715 2725 915 2806 diretirice.
988 2718 1167 2812 Proinde,
1200 2741 1284 2820 quae
1314 2718 1393 2819 jam
1420 2716 1606 2821 praecepta
1633 2721 1784 2800 fuerunt
1806 2727 1853 2804 de
1877 2725 1988 2805 undu
2012 2739 2167 2830 tangen·

504 2869 620 2960 tium,
655 2883 839 2970 quatenus
857 2888 980 2946 curvae
1007 2863 1055 2943 ad
1080 2861 1242 2963 aliquam
1260 2863 1484 2941 diametrum
1505 2857 1715 2939 referuntur
1738 2885 1803 2963 per
1826 2865 1942 2940 retias
1962 2867 2051 2946 huic
2069 2876 2169 2954 ordi·
2193 2937 2197 2946 .

500 3014 622 3093 natim
638 3016 857 3117 applicatas,
885 3008 1049 3087 sufficere
1077 3003 1220 3106 poliunt
1243 3010 1329 3106 (pro
1358 3006 1480 3085 curvis
1505 3003 1632 3087 saltem
1661 3001 1909 3106 algebraicis).
1953 3009 2165 3098 ‘Quoniam

502 3171 631 3237 autem
648 3154 863 3254 frequenter
883 3149 1031 3239 evenit,
1063 3158 1109 3224 ut
1134 3171 1331 3229 curvarum
1353 3148 1580 3244 affestiones,
1613 3150 1654 3231 n
1680 3147 1901 3230 nominatim
1922 3153 2166 3256 proprietates

499 3321 631 3378 earum
655 3297 704 3392 ad
729 3291 917 3398 contaetus
936 3294 1183 3396 pertinentes,
1214 3295 1327 3374 modo
1352 3295 1522 3374 lucidiori
1543 3294 1583 3375 dt
1605 3292 1811 3399 simpliciori
1838 3317 1888 3371 ex
1910 3293 1981 3374 alia
2005 3297 2165 3398 quadam

499 3438 659 3542 ipsarum
678 3436 820 3536 origine
839 3447 905 3517 aut
922 3438 1144 3540 proprietate
1165 3437 1301 3515 deduci
1322 3435 1471 3538 poffint,
1495 3457 1608 3535 quam
1631 3433 1657 3507 si
1677 3407 1839 3530 aequatio
1860 3435 1957 3511 inter
1977 3440 2169 3520 coordina-

499 3589 560 3659 tas
583 3549 787 3658 restilineas
808 3581 1017 3662 instituatur
1024 3608 1035 3679 3
1070 3607 1092 3659 e
1114 3601 1154 3657 re
1178 3578 1247 3656 elie
1271 3579 1418 3668 censeo,
1448 3576 1653 3694 praecipuas
1678 3597 1875 3653 curvarum
1900 3577 2062 3674 origines
2083 3607 2168 3684 per.

496 3727 680 3829 pendere,
704 3721 744 3802 dt
762 3725 960 3804 methodos
980 3734 1180 3826 tangentes
1205 3687 1368 3804 ducendi
1391 3723 1437 3804 iis
1458 3721 1658 3825 applicare,
1693 3743 1770 3800 non
1797 3718 1964 3800 adhibita
1986 3729 2167 3826 aequatio·

496 3891 563 3960 ne,
587 3891 661 3971 qua
685 3888 808 3948 curvae
832 3868 882 3946 ad
908 3869 1132 3951 diametrum
1148 3868 1308 3974 aliquam
1323 3860 1395 3974 'per
1411 3869 1527 3950 retias
1546 3865 1636 3944 huic
1661 3861 1862 3941 ordinatim
1884 3865 2086 3967 applicatas
2107 3892 2166 3949 re·
2329 3895 2333 3906 ·

496 4011 677 4092 feruntur.
738 4011 815 4092 Sed
839 3983 883 4090 ut
908 3977 1008 4088 hunc
1031 4012 1180 4115 scopum
1197 4015 1309 4094 modo
1332 4011 1533 4093 sufficiente
1555 4006 1757 4108 adimplere
1783 4001 1949 4084 valeam:
1987 4013 2163 4090 nonnulla

496 4140 757 4257 praemittenda
774 4155 856 4235 sunt
873 4152 1072 4245 lemmata,
1096 4177 1181 4256 quae
1202 4155 1242 4235 ἀ
1259 4157 1551 4260 insequentibus
1574 4153 1757 4254 capitibus
1786 4147 1868 4228 suas
1889 4149 2078 4231 habebunt
2097 4177 2164 4256 apa

494 4295 724 4399 plicationes.
852 4365 854 4369 ,
1305 4395 1308 4402 ⁴
1583 4296 1585 4301 ’
2026 4303 2031 4308 “
2095 4273 2098 4278 ’

593 4431 635 4544 §.
658 4458 722 4538 47.
772 4439 960 4520 Theotimo
1008 4434 1120 4520 Ratio
1131 4417 1355 4539 aequalitatis
1373 4440 1481 4520 limes
1501 4444 1553 4524 est
1571 4453 1651 4524 tam
1667 4434 1822 4519 rationis
1845 4434 2089 4554 decrescentis
2102 4459 2159 4515 or·

493 4580 564 4658 cus'
577 4579 661 4681 (qui
677 4589 781 4657 totus
796 4585 921 4663 verius
936 4585 1112 4666 chordam
1132 4597 1316 4665 concavus
1337 4582 1570 4686 supponitur)
1594 4586 1644 4665 ad
1660 4580 1837 4663 chordam
1843 4603 1855 4678 ;
1878 4601 1990 4680 quam
2007 4573 2161 4654 rationis

493 4720 687 4798 crescentis
703 4745 810 4801 arcus
823 4725 871 4801 ad
890 4729 1069 4809 smnmam
1085 4728 1320 4828 turgentium
1337 4749 1403 4832 per
1419 4737 1588 4806 extrema
1600 4727 1685 4826 eius
1703 4727 1912 4814 duttarum,
1928 4719 1970 4798 dr
1983 4707 2157 4792 concursu

493 4865 558 4948 suo
584 4877 717 4948 mutuo
739 4868 1031 4949 terminatarum.
1055 4861 1064 4886 ⁸
2094 4949 2158 5036 Sit
