4944 6252
1940 499 1985 576 ¹5

329 685 444 766 unius
470 639 612 753 marum
635 654 885 761 quantitatum
908 650 983 733 five
1006 650 1202 730 crescentis
1227 648 1301 732 live
1324 651 1577 734 decrescentis.
1636 653 1748 744 Dico,
1771 649 1854 730 dari
1876 653 1991 733 etiam

330 768 490 924 anquam
508 804 749 913 quantitatem
772 784 824 891 C,
861 820 946 899 quae
970 795 1014 874 srt
1035 796 1142 874 limes
1165 796 1369 898 posterioris
1400 793 1619 897 quantitatis
1640 791 1827 872 mutabilis
1853 793 1990 896 pariter

227 930 236 950 ⁶
317 955 518 1045 crescentis
540 962 607 1028 aut
624 942 867 1025 decrescentis
874 965 887 1035 3
910 939 949 1018 δι
968 941 1217 1039 quantitatem
1235 943 1332 1018 hanc
1353 928 1395 1015 C'
1410 965 1494 1018 eam
1515 942 1601 1032 elle,
1628 939 1701 1041 qud
1719 939 1784 1016 liat
1803 940 1837 1013 C
1857 964 1866 1018 :
1893 941 1934 1014 A
1952 971 1991 1018 ε.

328 1102 401 1187 C‘:
426 1094 471 1175 A
470 1157 480 1174 .
531 1088 809 1174 Demonstratur
825 1082 957 1162 eodem
973 1082 1085 1159 modo
1108 1106 1182 1181 quo
1200 1081 1407 1164 Theorema
1423 1089 1647 1188 praecedens.

421 1235 462 1344 ς,
491 1263 548 1318 ιο.
603 1233 791 1308 Theorema.
845 1222 942 1299 Duae
964 1223 1129 1302 rationes
1157 1225 1356 1303 mutabiles
1378 1226 1449 1304 sint
1466 1227 1607 1329 semper
1628 1225 1784 1305 intense
1803 1225 1986 1324 aequales;
2147 1275 2151 1283 ·

319 1367 361 1472 ¹&
385 1385 429 1464 su
449 1381 545 1460 ratio
567 1375 689 1472 aliqua
707 1367 795 1445 data
821 1362 928 1439 limos
952 1364 1064 1440 unius
1087 1363 1222 1440 harum
1243 1366 1430 1446 rationum
1450 1371 1685 1450 mutabilium
1710 1367 1902 1447 crescentis
1925 1369 1987 1447 vel

320 1519 584 1610 decrescentis:
626 1513 729 1601 dico,
754 1507 911 1587 eandem
929 1504 1113 1582 rationem
1135 1503 1262 1582 mtam
1290 1507 1360 1584 elle
1384 1510 1497 1586 etiam
1517 1511 1676 1590 limitem
1698 1510 1903 1612 posterioris
1927 1531 1986 1590 ra·

320 1667 434 1746 tionis
452 1657 646 1742 crescentis
665 1654 726 1735 vel
749 1647 1003 1730 decrescentis.

320 1813 379 1891 Sit
402 1808 542 1907 semper
819 1798 864 1872 X
886 1815 896 1868 ε
922 1794 974 1868 X
992 1767 1033 1856 ε’
1053 1787 1092 1864 Y
1108 1813 1117 1865 ε
1142 1792 1200 1872 Y'.

319 1955 370 2032 Et
390 1940 589 2049 semperstt
613 1940 762 2039 (ugr.)
811 1928 1201 2023 11:25<ch
1232 1928 1618 2057 sentimxzire.
1641 1933 1756 2010 Am

318 2093 412 2173 Dico
434 2089 549 2166 etiam
645 2118 1238 2145 ······
1309 2081 1386 2166 lim·
1421 2079 1460 2160 Y
1475 2100 1489 2188 Ιτ
1508 2077 1553 2158 T
1584 2112 1621 2146 ==
1642 2079 1683 2152 A
1695 2077 1767 2160 2'0.

318 2237 469 2319 Etenim
491 2231 578 2335 (per
595 2229 703 2330 hyp.)
805 2222 942 2305 X:X'
955 2220 1055 2346 *Y
1070 2248 1080 2302 τ
1106 2223 1151 2307 Y

510 2373 589 2453 Sed
804 2370 868 2451 X:
884 2363 937 2448 X‘
955 2368 994 2440 <
1019 2370 1086 2444 A:
1110 2369 1145 2442 C

514 2515 616 2612 Ergo
806 2507 998 2586 2⁴:1⁴<
1022 2511 1086 2588 A:
1112 2505 1154 2587 C.
1204 2506 1264 2587 Sit
1284 2503 1431 2594 U>C;
1466 2505 1956 2611 &proindeA:C>A:C'·
2115 2575 2119 2596 .

315 2660 413 2743 Fieri
429 2654 546 2762 potest
562 2657 647 2756 (per
660 2654 767 2754 hyp.)
805 2652 849 2734 ,Χ
863 2673 874 2730 2
893 2653 945 2732 X'
959 2651 998 2726 >
1026 2656 1068 2729 A
1085 2676 1094 2728 :
1120 2644 1185 2739 C':

369 2827 371 2835 ·
514 2796 617 2893 Fiat:
650 2795 690 2876 &
709 2795 781 2873 erit
806 2793 845 2871 Y
866 2817 877 2874 :
899 2789 945 2872 Γ
958 2797 997 2872 >
1027 2800 1089 2874 A:
1117 2791 1165 2874 0.
1222 2798 1382 2876 Proinde
1407 2797 1503 2874 ratio
1520 2798 1561 2875 A
1578 2821 1587 2874 :
1605 2801 1639 2876 C'
1660 2799 1775 2877 etiam
1798 2797 1850 2876 eli
1872 2799 1981 2878 limes
2027 2834 2035 2846 ·

316 2939 536 3028 incrementi
554 2939 707 3017 rationis
731 2941 771 3019 Y
791 2963 801 3018 :
832 2936 889 3023 T.

416 3079 640 3157 corollarium.
688 3079 731 3157 Si
753 3083 849 3157 ratio
877 3084 998 3180 aliqua
1031 3081 1120 3158 data
1148 3078 1257 3156 limes
1287 3075 1339 3154 esi
1365 3079 1517 3157 rationis
1540 3080 1698 3157 duarum
1725 3077 1978 3176 quantitatum

313 3224 565 3307 mutabilium:
593 3223 726 3301 eadem
746 3197 841 3297 ratio
859 3220 947 3300 data
965 3223 1074 3301 limes
1097 3245 1245 3323 quoque
1262 3221 1314 3298 est
1329 3224 1482 3301 rationis
1499 3221 1767 3324 quantitatum,
1790 3241 1875 3320 quae
1893 3219 1978 3302 sunt

270 3442 273 3450 .
312 3364 635 3471 aeque-multiplea
657 3363 718 3443 vel
734 3365 1116 3466 aeque-submultiplae
1137 3366 1386 3466 posteriorum.

410 3509 450 3617 §.
478 3534 535 3589 11.
590 3508 779 3583 Theorema.
826 3509 911 3589 Sint
938 3508 1024 3586 duae
1047 3509 1275 3609 quantitates
1298 3508 1415 3597 datae,
1429 3526 1596 3605 quarum
1620 3529 1696 3582 una
1718 3502 1761 3581 sut
1785 3505 1893 3584 lirnes
1907 3509 1976 3588 alis

308 3631 420 3754 'cujus
440 3636 659 3754 quantitatis
682 3653 870 3732 mutabilis
899 3653 1160 3747 decrescentis3
1205 3651 1320 3726 altera
1343 3671 1431 3725 vero
1459 3647 1567 3724 limes
1590 3646 1633 3725 su
1657 3649 1807 3727 alterius
1829 3653 1976 3751 quanti·
2127 3737 2131 3748 ⁴

309 3795 401 3871 tatis
422 3794 613 3896 mutabilis
634 3793 848 3888 crescentis,
883 3796 937 3870 ita
958 3807 1004 3871 ut
1026 3794 1321 3893 magnitudines,
1346 3791 1480 3890 quibus
1502 3789 1587 3866 duae
1602 3791 1829 3887 quantitates
1851 3805 1977 3872 muta·

309 3934 404 4013 biles
425 3958 448 4009 a
467 3933 647 4011 limitibus
670 3934 743 4010 suis
765 3931 959 4035 respesiive
978 3933 1171 4025 differunt,
1196 3932 1302 4009 simul
1322 3931 1403 4007 fieri
1424 3929 1553 4031 possint
1564 3935 1734 4009 minores
1749 3935 1987 4031 quibuscun-

309 4096 383 4175 que
396 4051 667 4173 quantitatibus
684 4075 885 4175 propofitis.
936 4076 1049 4155 Dico:
1073 4078 1274 4163 rationem,
1301 4093 1412 4172 quam
1431 4074 1529 4174 prior
1548 4077 1734 4175 quantitas
1756 4079 1841 4155 data
1858 4079 1973 4160 habet
2123 4079 2124 4082 ‘

306 4215 357 4294 ad
379 4214 632 4315 posteriorem,
658 4216 729 4292 else
747 4214 905 4293 limitem
922 4216 1076 4294 rationis
1101 4215 1362 4328 decrescentia,
1387 4240 1499 4316 quam
1521 4218 1619 4317 prior
1637 4217 1824 4316 quantitas
1846 4231 1969 4298 muta-

305 4358 389 4437 bilis
410 4356 524 4433 habet
545 4355 594 4433 ad
619 4356 866 4456 posteriorem.
1180 4357 1186 4368 '
1435 4427 1439 4437 .

396 4497 456 4575 Sit
472 4496 667 4574 ABlimes
690 4501 909 4599 quantitatis
926 4499 1115 4584 mutabilis
1132 4504 1374 4584 decrescentis
1385 4505 1477 4588 AX:
1503 4504 1543 4581 &
1557 4503 1626 4576 CD
1649 4502 1757 4580 limes
1781 4502 1967 4602 quantita·
2016 4503 2135 4590 find:

302 4647 355 4725 us
380 4645 569 4722 mononis
588 4648 782 4760 sescenas
808 4649 878 4728 m:
944 4651 1129 4742 Quoniam
1160 4607 1236 4782 ἐξ
1250 4604 1292 4775 ξ
1306 4608 1392 4774 ἐξ,
1435 4651 1488 4729 en
1510 4643 1747 4728 Arrun>
1766 4654 1840 4728 aa
1858 4673 1867 4725 ι
1885 4651 1965 4727 co.

301 4796 412 4875 Dico:
449 4795 744 4879 rationemax
761 4821 770 4876 τ
790 4797 859 4874 CY
882 4803 977 4904 polle
1002 4805 1109 4884 reddi
1140 4805 1323 4884 minorem
1351 4825 1569 4904 quacunque
1601 4803 1743 4880 ratione
1765 4799 1963 4904 proposita,
2088 4829 2115 4866 e

303 4958 388 5037 quae
408 4933 529 5037 major
548 4937 593 5018 srt
616 4945 759 5022 ratione
780 4947 858 5025 AB
874 4968 885 5024 :
902 4946 980 5022 CD.
1087 5023 1092 5064 .·
1902 5034 1961 5117 Sit
