4944 6252
1941 472 1965 547 3

302 619 575 720 logarithmicae
600 612 667 716 (ad
689 613 954 714 fisymptotum
977 621 1156 716 tanquam
1172 611 1299 692 fixam
1321 613 1477 714 relatae)
1499 615 1838 719 comprehensum·
1855 643 1965 700 acco·
2064 587 2065 590 i

312 773 394 840 rate
426 759 558 860 aequale
589 755 642 834 cst
669 758 879 854 reitangulo
907 757 1001 836 fatto
1035 779 1084 832 ex
1112 753 1355 858 subtangente
1386 756 1426 835 δι
1450 755 1657 835 differentia
1684 759 1829 840 illarum
1849 763 1964 862 appii·

312 917 480 988 catarum.
544 899 665 1001 Atqui
687 903 806 980 minor
831 902 966 980 harum
986 901 1237 980 ordinatarum
1264 899 1380 1000 potest
1403 897 1509 977 reddi
1529 901 1650 979 minor
1672 902 1771 980 lined
1802 925 1964 1004 quacun·

309 1067 376 1144 que
397 1045 652 1142 magnitudine
682 1043 786 1137 dati3
827 1045 981 1144 proinde
1013 1040 1133 1140 major
1159 1041 1293 1116 harum
1316 1043 1567 1120 ordinatarum
1585 1043 1692 1122 limes
1713 1044 1767 1122 'est
1796 1047 1966 1127 differen-

305 1187 366 1263 tiae
401 1186 596 1262 crescentis
610 1285 613 1292 Δ
626 1183 838 1264 earundem.
900 1181 950 1262 Et
979 1183 1232 1280 restangulum
1255 1181 1391 1261 fastum
1419 1204 1468 1258 ex
1497 1182 1739 1287 subtangente
1767 1188 1807 1267 δι
1832 1190 1966 1290 majori

17 1415 19 1424 ¹
300 1328 507 1422 ordinata,
534 1327 586 1401 est
612 1328 719 1405 limes
753 1329 857 1428 spatii
886 1323 1138 1425 logaritlrmici
1172 1321 1384 1410 crescentio,
1433 1344 1545 1420 quem
1574 1330 1730 1430 spatium
1757 1331 1830 1408 hoc
1868 1355 1966 1412 mm.

171 1435 185 1470 ⁸
296 1491 413 1568 quam
433 1466 603 1562 attingit,
635 1468 697 1548 sed
714 1474 762 1549 ad
782 1496 894 1572 quem
910 1465 1086 1548 accedere
1112 1461 1229 1562 potest
1246 1461 1396 1558 propius
1415 1485 1527 1556 quam
1544 1469 1700 1567 spatium
1719 1476 1965 1580 quodcunque

14 1577 40 1706 ‚i
297 1605 806 1720 datopraediiioreiiangulo
824 1583 959 1695 minus·

13 1775 15 1778 ’
406 1753 600 1849 Exenrplron
625 1759 722 1837 2aum,
780 1757 1061 1838 Demonstrante
1098 1750 1413 1830 Arcmrrrna
1451 1752 1516 1876 (dr⁸
1537 1747 1668 1844 Spfiero
1695 1745 1745 1826 aa
1782 1751 1965 1852 Cyllenea)

297 1896 387 1974 licet
417 1895 554 1972 circulo
591 1897 784 1979 inscribere
821 1901 862 1981 dc
898 1897 1191 1979 circumscribere
1231 1893 1418 1997 polygona
1450 1896 1619 1974 ordinata
1653 1897 1872 1993 cognomina
1904 1899 1966 1988 seu

285 2036 452 2128 fimilia,
495 2058 653 2137 quorum
687 2045 849 2123 ambitus
875 2041 1152 2146 &superficies
1190 2041 1235 2119 ab
1267 2039 1411 2120 ambitu
1445 2039 1485 2122 dc
1519 2040 1707 2143 superficie
1736 2041 1863 2124 circuli
1895 2046 1966 2126 dif-

295 2181 424 2259 ferunt
465 2179 589 2259 minus
620 2205 733 2284 quam
761 2187 962 2268 claimed
995 2199 1062 2267 aut
1093 2185 1170 2267 ulla
1193 2185 1379 2288 superficie
1410 2183 1597 2284 assignati.
1658 2187 1741 2290 Jam
1774 2212 1862 2270 vero
1887 2213 1966 2272 am·

192 2326 235 2374 Ἰ*
299 2325 400 2404 bitus
431 2324 471 2406 dc
504 2325 714 2429 superficies
744 2335 871 2414 circuli
899 2333 1061 2435 majores
1101 2334 1185 2412 sunt
1222 2329 1429 2428 perimetris
1456 2327 1780 2427 &superficiebus
1808 2336 1965 2438 polygo·

294 2493 431 2548 norum
461 2471 732 2574 inscriptorum;
779 2476 941 2554 minores
972 2500 1062 2557 vero
1090 2473 1299 2582 perimetris
1330 2468 1369 2549 dr
1402 2469 1660 2571 superficiebus
1694 2476 1965 2575 polygonatum

298 2614 665 2716 circumscriptorum.
738 2621 829 2699 ldeo
861 2622 1023 2704 ambitus
1061 2618 1101 2701 dr
1130 2613 1338 2718 superficies
1367 2615 1495 2697 circuli
1522 2614 1607 2694 sunt
1640 2615 1834 2716 respective
1869 2621 1965 2701 limi-

148 2747 151 2754 ‘
297 2767 357 2833 tes
372 2757 660 2857 perimetrorum
684 2759 725 2840 dc
748 2762 1020 2865 superficierum
1043 2759 1304 2867 (crescentium
1331 2773 1398 2837 aut
1418 2757 1727 2854 decrescentium)
1760 2761 1966 2862 polygono-

295 2919 382 2974 rum
402 2897 672 2992 ordinatorum,
706 2925 790 3002 quae
815 2907 952 2984 circulo
971 2908 1234 2992 inscribuntur,
1252 2911 1319 2977 aut
1337 2901 1459 2974 eidem
1484 2899 1840 2978 circumscribuntur.
1890 2907 1966 2982 Eo·

130 3015 134 3024 ¹
294 3041 383 3118 dem
406 3042 518 3119 modo
537 3041 572 3120 se
594 3043 735 3122 habent
757 3045 971 3149 superficies
994 3047 1035 3126 dc
1062 3044 1288 3147 capacitates
1310 3037 1582 3137 cylindrorum,
1618 3061 1812 3131 cenorum,
1845 3042 1965 3150 sphae·

287 3203 420 3260 rarum
433 3181 448 3272 ,'
476 3181 526 3258 ad
546 3181 753 3284 superficies
780 3207 824 3262 ac
844 3185 956 3266 solida
981 3187 1221 3290 prismatum,
1260 3179 1516 3285 pyramidum,
1550 3179 1857 3281 polyhedrorum,
1891 3183 1964 3265 illis

220 3332 223 3338 ’
292 3326 549 3426 inscriptorum
569 3336 635 3406 aut
658 3328 1025 3432 circumscriptorum.

392 3471 514 3548 Item:
565 3467 676 3548 Ratio
710 3471 934 3571 aequalitatis
964 3474 1073 3553 limes
1103 3473 1155 3552 est
1184 3469 1371 3552 rationum
1396 3469 1635 3573 crescentium
1663 3477 1730 3547 aut
1752 3469 1976 3580 decrescens

291 3617 408 3705 tium,
441 3635 533 3714 quas
555 3613 745 3714 perimetri
776 3626 843 3692 aut
872 3615 1079 3720 superficies
1104 3617 1376 3721 polygonorum
1399 3613 1625 3710 regularium
1650 3611 1786 3689 circulo
1814 3614 1963 3714 inscrIp·

296 3769 422 3835 torum
441 3767 508 3836 aut
531 3757 885 3858 circumscriptorum
910 3761 1052 3839 habent
1080 3763 1131 3847 ad
1154 3761 1336 3842 ambitum
1360 3755 1400 3833 dc
1423 3753 1650 3856 superficiem
1672 3754 1809 3832 circuli.
1858 3755 1963 3835 Idem

293 3899 396 3980 valet
417 3901 463 3977 de
487 3903 709 3992 rationibus,
736 3913 828 4001 quas
852 3905 1032 4002 cylindri,
1055 3907 1157 3997 coni,
1182 3904 1334 4006 sphaerae
1350 3896 1489 3977 habent
1508 3897 1556 3976 ad
1575 3898 1772 3999 promota,
1797 3899 1963 3999 pyrami

292 4043 379 4132 des,
407 4041 630 4142 polyhedra,
653 4039 737 4140 ipfis
759 4043 930 4150 inscripta
951 4055 1019 4122 aut
1038 4045 1324 4150 circumspripta.

395 4185 589 4280 Exemplum
604 4181 706 4277 3sum,
766 4185 826 4261 Sit
858 4209 971 4264 curva
1001 4207 1232 4284 quaecunque
1256 4185 1305 4262 ad
1330 4207 1441 4260 axem
1463 4182 1623 4284 aliquem
1645 4180 1772 4258 relata.
1834 4177 1959 4284 Reiiae
2106 4231 2109 4243 -

297 4326 386 4416 huic
414 4325 478 4401 ari
503 4325 704 4402 ordinatim
728 4326 921 4426 applicatae
947 4327 1124 4404 continuo
1149 4306 1333 4420 crescant}
1376 4351 1399 4404 a
1426 4350 1512 4406 zero
1540 4325 1727 4426 usquead
1752 4321 1957 4399 maximam

294 4465 481 4568 ipsarum,
496 4487 580 4566 quae
601 4467 766 4546 sumatur
784 4441 850 4570 pro
867 4469 952 4548 bafi.
1010 4468 1109 4548 Axis
1133 4468 1322 4548 dividatur
1341 4472 1381 4546 in
1405 4482 1530 4570 partes
1552 4479 1789 4568 quotcunque
1808 4465 1906 4541 inter
1924 4457 1959 4540 se

296 4608 471 4708 aequales.
494 4639 498 4649 ·
542 4609 614 4686 Per
642 4610 767 4688 omnia
795 4611 927 4712 punita
957 4611 1141 4692 divifionis
1163 4612 1347 4690 ducantur
1379 4613 1428 4703 ad
1458 4633 1610 4689 curvam
1638 4611 1746 4691 restae
1774 4608 1837 4688 axi
1860 4606 1957 4686 ordi·

297 4752 416 4829 natim
440 4751 642 4854 applicatae.
693 4753 813 4875 Super
834 4753 908 4832 bafi
926 4752 966 4835 dr
991 4757 1162 4835 omnibus
1185 4755 1292 4834 restis
1316 4756 1514 4835 ordinatim
1536 4755 1727 4858 applicatis
1747 4753 1958 4830 construan-

143 4881 169 4897 ''
295 4899 359 4969 tur
387 4891 510 4969 versus
538 4896 716 4975 uerticem
740 4897 1102 4999 parallelogramma,
1133 4923 1292 5001 quorum
1316 4900 1432 4978 altera
1458 4899 1574 4978 latera
1598 4898 1667 4976 fint
1680 4910 1808 5000 partes
1830 4918 1956 4996 aequa·

1120 5041 1159 5122 A
1183 5067 1207 5122 a
1899 5037 1957 5118 les
