4944 6252
540 508 565 585 4

486 710 488 713 v
538 663 597 740 les
615 661 708 740 axis.
781 657 876 735 Haec
893 650 1231 754 parallelogramma
1251 647 1420 726 dicantur
1439 675 1563 733 curvae
1587 654 1866 759 circumscripta.
1924 667 2067 748 Pariter
2091 669 2194 772 super

540 806 712 886 omnibus
736 794 843 876 restis
869 793 1066 870 ordinatim
1087 792 1277 894 applicatis
1300 790 1374 870 bafi
1402 797 1582 894 parallelis
1604 799 1875 878 constituantur·
1900 809 2196 906 parallelogram-

539 973 601 1030 ma
633 947 682 1024 ad
703 953 826 1045 partes
849 936 963 1025 basus,
995 957 1152 1037 quorum
1174 934 1289 1012 altera
1311 935 1429 1012 latera
1448 936 1517 1016 srnt
1539 955 1662 1041 partes
1686 946 1846 1043 aequales
1871 949 1964 1026 axis.
2022 949 2117 1024 Haec
2133 975 2199 1050 pa·

539 1089 834 1185 sallelogramma
850 1081 1018 1162 dica'ntur
1036 1106 1160 1162 curvae
1177 1082 1356 1183 inscripta·
1382 1081 1499 1185 (Vide
1519 1086 1598 1184 Fig.
1620 1089 1716 1180 1²⁰¹.)

616 1230 816 1311 'Excessus
853 1231 926 1329 qus
956 1230 1095 1305 summa
1125 1225 1513 1326 parallogrammorum
1543 1229 1896 1332 circumscriptorum
1926 1232 2071 1335 superat
2101 1232 2197 1308 sum·

541 1405 645 1460 mam
670 1377 1093 1480 parallelogrammorum
1111 1369 1363 1471 inscriptorum
1370 1393 1381 1463 3
1428 1371 1582 1468 aequatis
1605 1371 1656 1447 est
1679 1373 2017 1474 parallelogrammo
2041 1379 2199 1452 circum.

541 1523 866 1626 scriptoomnium
894 1520 1068 1596 maximo.
1127 1515 1247 1610 Atqui
1265 1511 1357 1587 basis
1378 1510 1493 1607 hujus
1517 1516 1847 1614 parallelogrammi
1874 1516 1983 1594 datur
2011 1517 2211 1614 magnitu-=

541 1665 656 1744 dine:
702 1681 812 1754 erge,
843 1655 1041 1731 imminutst
1067 1653 1281 1737 altitudine,
1316 1643 1698 1772 parallelogrammum
1722 1661 1794 1734 hoc
1820 1659 1936 1758 potest
1963 1660 2047 1735 sieri
2074 1658 2199 1734 minus

538 1824 758 1906 quocunque
784 1773 897 1896 spatio
922 1795 1024 1908 dato.
1091 1795 1179 1869 ldeo
1211 1790 1419 1866 differentia
1448 1797 1703 1891 praedictarum
1728 1801 1950 1884 summatum
1978 1795 2093 1900 potest
2119 1791 2200 1872 fieri

391 2019 394 2026 ,
538 1947 659 2026 minor
685 1964 903 2044 quocunque
936 1935 1050 2037 spatio
1077 1937 1175 2036 dato.
1248 1935 1328 2037 Jam
1359 1939 1448 2010 ve'ro
1482 1937 1688 2037 superficies
1717 1968 1839 2023 curvae
1871 1945 1991 2042 major
2024 1939 2075 2016 est
2105 1933 2201 2014 ¹sum·

539 2088 603 2170 msi
626 2053 1049 2189 parallelogrammorum
1080 2079 1353 2182 inscriptorum,
1400 2078 1461 2156 sed
1481 2083 1613 2160 eadem
1637 2088 1758 2164 minor
1780 2089 1831 2165 est
1850 2087 1992 2166 summd
2013 2078 2201 2185 parallelo·

532 2249 792 2333 grammorum
819 2225 1172 2326 circumscriptorum
1179 2247 1191 2316 ς
1244 2224 1282 2300 dt
1306 2225 1512 2322 quantitas,
1552 2229 1625 2322 qua
1662 2231 1707 2304 ab
1740 2229 1916 2304 alterutra
1949 2231 2082 2304 harum
2106 2221 2202 2300 sum·

501 2432 509 2458 s
538 2400 685 2456 marum
713 2369 1003 2459 differt,'minor
1033 2367 1085 2446 est
1112 2366 1319 2446 differentia
1342 2370 1470 2446 mutus:
1506 2370 1760 2470 praedislarum
1788 2370 2023 2486 summarum.
2099 2365 2200 2460 Ergo

540 2523 660 2621 figura
687 2513 886 2596 curvilinea
904 2513 1011 2587 limes
1031 2511 1101 2600 est,
1130 2523 1209 2588 tam
1226 2513 1375 2620 summae
1390 2513 1589 2620 ,crescentis
1609 2513 2031 2613 parallelogrammorum
2057 2505 2121 2606 ipsu
2141 2506 2198 2582 in·

539 2669 782 2767 scriptorum,
824 2677 937 2757 quam
974 2652 1125 2730 summae
1163 2653 1405 2733 decrescentis
1441 2657 1866 2759 parallelogrammorum
1892 2657 2014 2732 eidem
2043 2654 2198 2730 circum«

541 2797 768 2910 scriptorum.

637 2949 762 3027 Reuae
793 2945 856 3020 axi
884 2941 1082 3018 ordinatim
1116 2942 1308 3042 applicatae
1329 2945 1521 3043 ‘ponantur
1550 2945 1673 3023 eidem
1704 2943 2035 3043 perpendiculares.
2104 2940 2199 3018 Soli·

542 3097 632 3172 dum
649 3093 840 3198 rotatione
869 3085 1051 3184 praedictae
1079 3083 1209 3178 figurae
1243 3089 1340 3163 circa
1366 3111 1475 3164 axem
1489 3167 1491 3172 ,
1505 3087 1672 3184 genitum
1708 3085 1815 3161 limes
1842 3086 1912 3161 erit
1945 3099 2022 3160 tarn
2048 3084 2201 3160 summae

543 3231 784 3314 decrescentis
805 3223 1056 3321 cylindrorum
1085 3219 1190 3295 simul
1221 3225 1432 3316 genitorum
1455 3229 1638 3302 rotatione
1663 3227 1956 3332 retiangulorum
1983 3245 2106 3300 curvae
2132 3222 2203 3296 cir·
2268 3307 2270 3314 Ι

544 3373 862 3470 cumscriptorum,
905 3383 1017 3462 quam
1040 3361 1191 3439 summae
1221 3337 1415 3442 crescentis
1445 3369 1697 3466 cylindrorum
1733 3370 1840 3448 timul
1864 3370 2075 3468 genitorum
2104 3373 2202 3441 rota·

545 3517 646 3594 tione
661 3508 955 3608 rectangulorum
979 3527 1102 3581 curvae
1122 3503 1386 3606 inscriptorum.

644 3651 683 3760 §.
709 3681 742 3734 2.
793 3623 960 3726 Salutem.
1009 3645 1068 3721 Sit
1089 3647 1277 3743 quantitas
1299 3651 1420 3748 aliqua
1440 3651 1527 3728 data
1551 3652 1658 3728 limes
1676 3654 1894 3752 quantitatis
1917 3647 2106 3757 mutabilis
2126 3667 2204 3722 cre«

545 3803 677 3880 scentis
702 3797 763 3876 vel
792 3787 1043 3873 decrescentis.
1103 3785 1260 3885 Utrique
1294 3791 1441 3868 illarum
1467 3793 1642 3886 addatur,
1669 3809 1735 3872 aut
1763 3799 1808 3876 ab
1837 3809 1993 3893 utraque
2017 3791 2207 3870 subtraha-

447 3913 454 4054 ἦ
542 3955 606 4021 tur
637 3942 768 4018 eadem
792 3937 913 4034 aliqua
938 3931 1134 4030 quantitas
1188 3931 1293 4011 Prior
1318 3935 1475 4028 surnma,
1500 3951 1566 4013 aut
1589 3939 1688 4039 prior
1708 3939 1934 4026 differentia,
1958 3937 2066 4014 limes
2093 3932 2206 4007 etiam
2329 3959 2336 3968 ·

544 4085 615 4162 erit
641 4082 845 4183 posterioris
868 4078 1037 4160 summae,
1062 4084 1128 4148 aut
1152 4074 1389 4184 differentiae,
1420 4081 1615 4188 crescentis
1641 4084 1700 4160 vel
1730 4080 1983 4158 decrescentis.
2053 4077 2094 4153 Si
2118 4089 2206 4148 vero

544 4207 700 4323 ”iraque
733 4222 920 4322 quantitas
949 4219 993 4293 ab
1027 4217 1148 4312 aliqua
1177 4221 1308 4296 eadem
1338 4226 1547 4321 quantitate
1575 4224 1846 4304 subtrahatur:
1889 4224 1991 4323 prius
2022 4212 2207 4294 refiduum

544 4367 652 4446 lones
677 4362 747 4437 erit
771 4359 974 4460 posterioris
995 4355 1237 4434 decrescentis
1260 4373 1326 4434 aut
1349 4365 1555 4454 crescentis,
1583 4363 1585 4368 ’
2142 4359 2146 4370 “

385 4537 491 4621 siga.
644 4505 789 4602 Nempe
817 4503 970 4580 denotet
996 4505 1064 4625 All
1089 4503 1336 4600 quantitatem
1363 4508 1508 4597 datam,
1549 4531 1633 4608 quae
1662 4505 1768 4582 limes
1799 4473 1845 4578 srt
1881 4476 2098 4600 quantitatis
2125 4457 2231 4582 mu

545 4649 668 4728 tabilis
693 4672 727 4724 v.
751 4666 805 4741 gr.
828 4643 1022 4724 crescentis
1038 4647 1119 4723 AX.
1177 4643 1334 4746 Utrique
1357 4647 1502 4724 illarum
1524 4654 1703 4739 addatur,
1728 4659 1795 4724 ant
1815 4645 1860 4720 ab
1887 4657 2044 4743 utraque
2069 4643 2209 4722 subtra«
2270 4681 2278 4692 ¹

542 4788 654 4864 hatur
675 4787 807 4888 eadem
835 4791 1022 4882 quantitas
1044 4793 1113 4864 Ac
1131 4801 1197 4868 aut
1223 4777 1320 4865 AC':
1362 4793 1460 4892 prior
1491 4791 1632 4870 summa
1663 4793 1747 4878 CB,
1782 4800 1847 4864 aut
1871 4787 1969 4885 prior
2001 4787 2210 4866 differentia

545 4916 638 5018 C'B,
671 4927 777 5006 lmes
799 4950 945 5028 quoque
977 4931 1028 5008 est
1058 4935 1252 5014 crelccntis
1275 4933 1480 5035 posterioris
1512 4935 1665 5022 summae
1685 4905 1772 5023 CX,
1805 4943 1871 5012 aut
1909 4909 2113 5032 posterioris
2139 4929 2210 5010 dif-
2285 4968 2292 4995 ι

574 5073 579 5086 ’
2090 5069 2211 5153 fereu⁴

2295 5295 2312 5333 N
