4944 6252
750 1177 1466 1326 'rnrnonucrrd

901 1453 1346 1482 m

287 1653 453 1900 Quo
475 1709 631 1812 amplior
657 1707 709 1788 esi
737 1707 898 1784 scientiae
921 1706 1081 1808 alicujus
1105 1709 1288 1800 ambitus,
1321 1707 1362 1789 dc
1389 1729 1463 1808 quo
1481 1704 1670 1786 uberiores
1691 1706 1953 1812 gravioresque

427 1857 512 1933 sunt
536 1855 620 1957 ejus
642 1849 906 1954 applicationes
913 1873 926 1948 ;
952 1875 999 1930 eo
1013 1853 1135 1952 magis
1156 1852 1394 1931 necessarium
1417 1850 1470 1931 est
1489 1849 1676 1954 principiis
1698 1851 1809 1930 certis
1832 1876 1877 1930 ac
1895 1851 1952 1982 di·

216 2045 218 2050 .
285 1997 418 2078 lucidis
438 1999 554 2102 ipsam
578 1993 836 2098 superstruere,
869 1993 1271 2097 &consequentiarum
1297 2021 1385 2078 cum
1408 1993 1596 2098 principiis
1618 2017 1757 2072 nexum
1781 1997 1827 2075 ab
1849 1995 1952 2074 omni

287 2145 401 2224 dubio
422 2169 466 2222 ac
486 2139 705 2224 difficultate
729 2149 856 2216 tutum
876 2149 989 2239 atque
1014 2140 1223 2219 immunem
1246 2139 1426 2242 praestare.
1477 2140 1644 2219 Priorem
1668 2139 1952 2256 praerogativam
2093 2233 2097 2239 .

286 2287 459 2366 dodrinis
481 2273 990 2383 mathematicis'competere
1017 2283 1057 2361 in
1082 2285 1238 2364 confesso
1260 2283 1330 2378 est,·
1365 2295 1410 2358 ut
1430 2283 1547 2362 altera
1565 2285 1773 2384 gaudeant,
1805 2281 1951 2381 quiens

286 2432 515 2510 meditantur
537 2439 655 2528 atque
683 2436 897 2524 exponunt,
933 2431 1073 2508 debent
1099 2449 1239 2506 curare.
1302 2427 1562 2508 Mathematici
1585 2438 1750 2517 veteres,
1785 2424 1955 2506 methodi

286 2575 475 2674 rigorosae,
505 2596 580 2674 qua
605 2569 764 2669 ipsorum
787 2591 898 2670 opera
919 2574 1062 2668 nitent,
1089 2573 1214 2652 sedulo
1243 2581 1410 2664 tenaces,
1445 2571 1635 2673 exemplar
1658 2570 1763 2650 nobis
1785 2571 1954 2671 praebue-

285 2715 375 2794 runt
396 2715 499 2794 modi
523 2714 563 2791 in
592 2709 751 2790 scientiis
776 2711 836 2788 his
858 2701 1082 2796 stabiliendis
1106 2728 1220 2818 atque
1246 2711 1475 2818 explicandis
1499 2711 1719 2805 adhibendi,
1749 2723 1794 2790 ut
1817 2735 1954 2790 nomen

288 2857 500 2938 exustarum
522 2866 745 2937 mereantur.
809 2857 1070 2952 Recentiores,
1093 2860 1252 2938 stadium
1277 2859 1324 2934 ab
1350 2854 1513 2950 antiquis
1531 2853 1684 2953 pansum
1701 2855 1863 2952 ingressi,
1888 2879 1954 2935 ve·

287 2998 402 3099 stigiis
424 3002 582 3102 ipsorum
608 3021 682 3076 non
704 2996 846 3098 semper
871 3000 1080 3076 institerunt
1085 3020 1097 3092 3
1133 2981 1255 3099 neque
1281 2990 1486 3096 progressus
1512 2991 1594 3072 suos
1620 2996 1771 3072 omnino
1793 2997 1841 3073 ad
1869 3021 1953 3074 nor·

286 3165 389 3222 mam
412 3145 458 3224 ab
484 3144 556 3221 illis
587 3139 822 3220 constitutam
846 3142 1137 3246 composuerunt.
1198 3139 1402 3245 speciatim
1425 3147 1571 3218 veteres
1594 3141 1841 3240 quantitatem
1861 3137 1954 3218 sem⁴

281 3307 371 3388 per,
405 3285 547 3363 notioni
576 3282 686 3387 ipfius
713 3285 970 3382 comormiter,
1001 3296 1181 3386 tanquam
1206 3283 1400 3386 augmenti
1430 3279 1470 3360 dc
1502 3279 1730 3358 decrementi
1759 3305 1952 3387 capacem,

283 3427 438 3530 proinde
462 3431 505 3504 ut
529 3428 694 3531 ineptam
715 3417 928 3531 recipiendo
959 3431 1092 3524 ultimo
1116 3432 1266 3512 cuidam
1293 3424 1560 3528 magnitudinis
1581 3423 1642 3502 vel
1661 3427 1855 3525 parvitatis
1878 3439 1954 3507 ter·

285 3573 406 3662 mino,
426 3571 710 3690 considerarunt.
761 3575 1002 3652 Recentiores
1022 3584 1166 3668 contra,
1194 3574 1442 3671 quantitatem
1457 3567 1668 3664 inutroque
1680 3567 1752 3646 hoc
1769 3569 1865 3647 statu
1886 3595 1954 3648 ex·

190 3805 194 3810 ¹
285 3697 408 3822 nemo
432 3711 695 3795 ratiociniis&
725 3717 876 3794 calculis
901 3713 1030 3816 subjici
1060 3711 1155 3816 posse
1186 3715 1277 3805 rati,
1309 3703 1539 3814 quantitates
1570 3710 1804 3805 (etiamnum
1823 3711 1872 3790 src
1895 3711 1953 3792 di·

286 3851 388 3955 fias)
413 3856 557 3935 infinite
578 3879 735 3957 magnas
756 3856 797 3937 dc
816 3859 960 3939 infinite
982 3881 1117 3962 parvas
1138 3845 1361 3961 adoptarunt
1367 3878 1380 3953 ;
1414 3854 1711 3958 peculiaremque
1727 3843 1951 3934 effinnemnt

287 3991 425 4073 infiniti
447 4001 659 4094 scientiam,
692 4003 754 4081 cui
778 3989 904 4104 partes
927 4001 1136 4080 matheseos
1162 3999 1415 4108 fundamentis
1443 3999 1671 4079 solidioribus
1699 4001 1806 4092 nixae
1829 4001 1951 4102 opitu·
2025 3989 2030 4000 ’

287 4132 414 4211 lentur
437 4142 608 4236 quidem,
633 4145 696 4219 sed
716 4165 801 4242 quae
820 4144 867 4220 ab
888 4143 961 4220 illis
979 4141 1024 4219 fit
1043 4154 1123 4220 tam
1146 4139 1309 4241 objecto,
1334 4164 1447 4242 quam
1471 4142 1660 4244 principiis
1680 4143 1841 4227 diversa:
1875 4167 1950 4248 quc

283 4275 418 4358 audaci
436 4291 572 4406 conatu
597 4280 778 4362 dominas
797 4286 845 4364 ab
866 4283 1028 4386 antiquis
1049 4285 1273 4367 transmissas
1293 4283 1449 4419 mirifice
1472 4297 1670 4366 auxerunt.

380 4465 607 4558 Difficultas,
632 4470 693 4548 vel
713 4471 980 4576 impossibilitas
1007 4476 1132 4576 potius
1161 4469 1278 4558 statuas
1300 4475 1384 4556 illos
1409 4473 1629 4578 quantitatis
1654 4475 1880 4586 (etiamnum
1900 4473 1950 4556 fic

284 4609 414 4708 didiae)
450 4611 653 4696 definiendi
672 4615 996 4720 impossibilitatem
1022 4619 1147 4718 prodit
1171 4619 1376 4700 existentiae
1396 4641 1527 4698 eorum
1553 4616 1594 4697 dt
1621 4627 1841 4728 conceptus,
1873 4641 1948 4720 quc

281 4753 621 4856 apprehendamur.
671 4761 759 4842 Non
776 4761 978 4864 aggrediar
997 4760 1071 4840 hoc
1091 4761 1174 4839 loco
1191 4763 1445 4854 definitiones,
1468 4781 1554 4864 quae
1577 4758 1769 4862 propositae
1789 4785 1815 4839 a
1835 4760 1949 4841 variis

282 4891 453 4986 suerunt,
479 4899 671 4985 discutere.
722 4902 875 4990 Interim
897 4907 1052 4988 asserere
1073 4901 1210 4998 auum,
1235 4927 1300 4984 eae
1326 4905 1389 4991 vet
1411 4903 1718 4986 contradilliones
1738 4904 1946 5008 implicare,
2045 4975 2048 4980 .

313 5030 325 5054 ‚
1132 5045 1155 5098 ι
1782 5085 1792 5106 ‚
1859 5068 1947 5149 φα
