4922 6264
552 528 632 609 ἂμ

658 681 699 789 S.
733 704 815 784 225.
869 687 1082 786 Conceptus
1104 681 1257 764 odionis
1289 665 1536 764 discentiuuae
1567 671 1674 760 fluidi
1705 679 1891 783 gravifici,
1934 681 2085 784 physico
2109 683 2239 770 suase

561 829 763 914 luculentia
777 832 1060 920 commendans,
1084 829 1178 932 saepe
1198 830 1312 909 etiam
1330 825 1596 908 mathematico
1614 829 1828 905 commodus
1843 822 1908 903 est.
1959 825 2128 910 Theoriae
2144 833 2239 912 tlui.

562 971 696 1050 dorum
718 974 1003 1066 continuorum,
1028 975 1257 1054 elasticorum
1278 973 1417 1075 pariter
1436 941 1487 1049 ac*
1500 995 1576 1048 non
1596 969 1842 1061 clasticorum,
1867 971 2067 1051 admodum
2090 977 2237 1080 imper‹

562 1116 668 1195 scidae
691 1117 816 1195 adhuc
841 1116 941 1207 sunt,
981 1120 1150 1218 quamvis
1181 1119 1312 1197 sumini
1338 1115 1516 1218 hujus&
1538 1113 1737 1215 superioris
1759 1113 1869 1192 seculi
1889 1112 2141 1228 mathematici
2164 1099 2237 1202 sua

560 1233 634 1340 illis
659 1261 778 1340 studia
801 1262 1048 1362 impenderint
1056 1287 1066 1356 ;
1104 1261 1258 1361 &quas
1282 1283 1303 1335 a
1328 1258 1439 1358 priori
1463 1258 1619 1338 stabilire
1643 1256 1792 1354 quidam
1814 1257 1967 1356 aggressi
1992 1261 2092 1355 sunt,
2117 1291 2234 1368 expe·

562 1408 697 1484 aientia
720 1404 863 1482 evertit.
915 1401 1505 1503 Consequentiasprincipiorum,
1532 1424 1615 1501 quae
1637 1425 1702 1502 pro
1720 1401 1863 1479 basibus
1881 1387 2091 1496 sumuntur,
2117 1407 2233 1506 perse-

566 1549 630 1646 qui
655 1543 961 1623 exercitatissimis
987 1559 1133 1623 tantuin
1156 1543 1437 1622 calculatoribus
1459 1545 1579 1623 datur.
1632 1544 1719 1624 Alia
1740 1543 1792 1619 est
1815 1545 1909 1620 ratio
1930 1545 2085 1624 theoriae
2101 1547 2232 1624 lluido-

488 1675 497 1691 ’
561 1713 645 1798 runi
666 1689 914 1768 discretorum.
974 1690 1158 1790 Principia
1181 1686 1265 1787 ejus
1288 1688 1370 1763 sunt
1389 1688 1597 1766 indubitata
1604 1711 1616 1784 3
1643 1687 1682 1766 dt
1706 1689 1974 1788 consequentiae
1998 1688 2155 1766 dedudu
2177 1690 2231 1766 sa·

563 1831 670 1928 ciles3
706 1835 805 1933 quod
831 1833 961 1922 calculi
984 1832 1069 1910 Dni.
1091 1833 1149 1908 Lu
1166 1831 1273 1911 Sitia:
1300 1833 1559 1934 comprobant,
1585 1831 1649 1931 qui
1672 1855 1719 1909 ne
1743 1833 1880 1933 primas
1905 1834 2057 1933 quidem
2077 1831 2231 1910 calculo·

564 1999 648 2054 runi
672 1975 900 2076 superiorum
920 1977 1089 2053 notiones
1109 1975 1277 2072 exigunt.

577 2139 579 2148 ¹
613 2153 618 2160 ’
663 2151 702 2258 §
730 2154 811 2229 22⁶.
864 2150 934 2226 Ex.
953 2171 1007 2245 gr.
1034 2151 1165 2228 Galilei
1185 2150 1248 2226 lex
1266 2127 1544 2236 accelerationis
1559 2151 1729 2249 gravium
1756 2139 1924 2260 (physice
1940 2149 2141 2252 inteletta)
2166 2153 2234 2230 im·

565 2299 727 2380 mediate
752 2291 963 2370 exustione
989 2291 1095 2372 fluidi
1122 2293 1308 2393 ejusmodi
1332 2291 1574 2406 consequitur.
1627 2292 1724 2370 Cum
1741 2292 2019 2389 incrementum,
2029 2295 2235 2376 velocitatis

566 2403 736 2544 grauium
759 2437 939 2515 debeatur
966 2435 1101 2525 fluido,
1134 2434 1371 2535 tempusculis
1396 2434 1602 2535 aequalibus
1624 2458 1689 2537 per
1711 2435 1887 2536 impulsus
1907 2438 2068 2537 aequales
2092 2442 2232 2538 agenti:

570 2585 761 2671 celeritas,
793 2601 905 2678 quam
930 2579 1057 2676 gravia
1085 2590 1252 2678 tempore
1280 2578 1435 2658 sensibili
1464 2577 1675 2677 acquirunt,
1707 2601 1863 2676 numero
1892 2579 2024 2658 harum
2055 2583 2236 2686 impulsio·

572 2747 683 2816 num3
719 2721 876 2822 proinde
897 2719 1057 2820 tempori
1076 2719 1356 2820 proportionalis
1373 2721 1441 2811 est,
1473 2743 1547 2820 quo
1566 2741 1717 2821 corpora
1736 2719 1817 2798 illas
1838 2721 1920 2800 sunt
1942 2739 2107 2826 experta.
2165 2729 2233 2821 lm·

570 2869 711 2949 medite
733 2867 848 2965 igitur
865 2863 1117 2962 consequitur,
1144 2861 1214 2940 esse
1236 2887 1256 2936 v
1276 2885 1315 2944 cn
1336 2877 1359 2936 r.
1936 2863 1960 2888 ‘'

669 3025 769 3102 Hinc
793 3019 906 3120 spatia
925 3015 1162 3115 tempusculis
1181 3019 1386 3117 aequalibus
1405 3015 1605 3094 successivis
1626 3015 1811 3118 percursa,
1824 2987 1966 3120 ¹utpote
1988 3017 2232 3102 celeritatibus

570 3141 759 3268 {acquisitis
779 3158 1081 3262 proportionalia,
1108 3158 1245 3255 pariter
1269 3162 1434 3238 crescunt
1455 3164 1513 3240 uti
1534 3173 1719 3261 tempora,
1753 3160 1905 3261 proinde
1924 3160 1981 3238 uti
2004 3167 2151 3242 numeri
2171 3155 2234 3243 ria*

573 3307 732 3396 rurales3
768 3303 806 3380 dc
829 3303 940 3400 spatia
961 3299 1049 3374 iride
1072 3297 1117 3374 ab
1137 3297 1243 3375 initio
1264 3314 1388 3396 motus
1411 3304 1577 3404 percursa
1599 3281 1765 3382 crescunt
1788 3305 1845 3381 uti
1868 3308 2013 3385 numeri
2039 3309 2233 3406 triangula·

572 3473 633 3528 res
664 3463 918 3520 numerorum.
931 3451 1205 3551 momentorum
1233 3443 1380 3524 illorum
1410 3450 1598 3548 temporis.
1668 3448 1746 3525 Sed
1775 3469 2014 3526 numerorum
2039 3450 2236 3546 triangula·

570 3593 669 3672 rium
694 3585 789 3662 ratio
809 3607 854 3660 eo
878 3583 1027 3684 propius
1048 3557 1192 3660 accedit
1212 3587 1261 3664 ad
1283 3590 1465 3668 rationem
1489 3613 1730 3669 numerorum
1752 3592 2016 3690 quadratorum
2034 3591 2234 3692 correspon-

573 3733 764 3826 dentiam,
798 3749 872 3827 quo
891 3725 1055 3826 majores
1075 3728 1158 3807 sunt
1171 3733 1334 3822 numeri,
1360 3737 1425 3835 qui
1442 3735 1600 3836 ipsorum
1620 3731 1701 3810 sunt
1721 3736 1864 3814 radices
1890 3735 1948 3841 (ᾗ.
1968 3741 2059 3828 ao).
2112 3735 2235 3835 ltaque

575 3878 687 3980 spatia
706 3869 871 3974 percursa
893 3895 938 3947 eo
956 3873 1163 3950 accuratius
1179 3877 1461 3976 proportionalia
1479 3880 1562 3956 sunt
1580 3877 1770 3977 quadratis
1788 3891 1997 3982 temporum
2015 3877 2234 3980 elapsurum,

576 4043 649 4118 quo
674 4019 778 4116 plura
796 4015 953 4115 quodvis
970 4027 1118 4117 tempus
1140 4016 1301 4097 sensibile
1320 4023 1486 4099 continet
1503 4016 1749 4122 tempuscula,
1774 4025 1919 4104 duobus
1937 4024 2054 4112 causae
2074 4021 2237 4101 motricis

576 4155 790 4260 impulsibus
814 4156 1030 4234 immediate
1049 4156 1119 4234 sese
1136 4159 1440 4258 consequentibus
1460 4163 1665 4264 interjesta.

607 4393 614 4406 .
678 4320 717 4429 p.
746 4348 827 4424 2²7·
879 4329 1048 4428 Optabile
1067 4327 1142 4407 sine
1167 4289 1415 4424 dubio'soret,
1440 4342 1484 4410 ut
1498 4329 1774 4412 mathematicis
1793 4327 1932 4432 semper
1954 4328 2084 4408 liceret
2107 4332 2237 4412 eadem

577 4467 757 4548 facilitate
782 4469 1059 4572 consequentias
1082 4473 1251 4578 principii
1271 4475 1416 4554 assumti
1438 4477 1633 4560 deducere.
1686 4476 1811 4573 Magis
1827 4485 1956 4552 autem
1979 4472 2108 4552 assueti
2128 4499 2239 4578 expo·

579 4615 1079 4701 nentibusdifferentialibus
1110 4577 1153 4690 Q
1176 4664 1212 4695 =
1237 4652 1277 4723 u,
1307 4575 1466 4719 ἷῙΫὲρ,
1489 4627 1644 4728 aliisque
1661 4624 1837 4705 similibus
1844 4647 1855 4720 3
1883 4625 2238 4726 quamexpressioni·

1113 4695 1153 4767 dr
1311 4698 1350 4773 dc

431 4819 432 4826 Ν
579 4789 650 4866 bus
668 4811 733 4886 pei
752 4782 980 4863 differentias
1000 4786 1143 4887 finitas,
1173 4818 1258 4894 quae
1282 4797 1355 4894 illis
1376 4787 1614 4900 responderit:
1646 4795 1785 4896 priores
1802 4791 1956 4872 uariare
1976 4791 2234 4895 expressiones,

553 4943 692 5030 quam
711 4927 943 5029 posteriores,
968 4937 1091 5032 magis
1109 4933 1185 5022 se're
1211 4937 1270 5041 (in
1287 4940 1628 5040 investigationibus
1648 4939 1851 5041 praesertim
1872 4935 2024 5039 prolixis
2046 4959 2091 5014 ac
2105 4932 2236 5014 diffici-

1852 5091 1856 5096 ’
2140 5069 2237 5154 liori·

1783 5325 1792 5367 l
