4920 6296
641 624 651 641 .
1824 556 1893 633 193

310 691 315 705 ⁸
338 727 377 832 p
405 743 486 822 130.
536 715 637 796 Hinc
653 711 887 791 deducuntur
903 703 1073 791 methodi
1092 711 1262 785 centrum
1285 703 1478 804 gravitatis
1497 703 1661 808 cujusvis
1679 709 1809 810 figurae
1830 711 1896 790 de,

242 868 474 953 terminandi.
540 863 685 958 Nempe
712 857 980 935 determinetur
1003 847 1157 929 solidum
1178 850 1362 976 rotatione
1381 849 1511 948 figurae
1531 844 1645 952 hujus
1666 846 1762 930 circa
1785 871 1896 930 axem

239 1012 440 1116 quemlibet
463 1003 650 1104 genitum3
677 1001 776 1100 quod
801 995 1084 1074 transformetur
1111 994 1151 1070 in
1170 991 1324 1090 prisma,
1361 991 1470 1091 cujus
1495 994 1589 1074 basis
1614 989 1658 1073 fit
1682 991 1754 1095 ipsa
1777 991 1896 1092 figura

237 1157 373 1236 rotata:
398 1147 556 1228 altitudo
575 1139 690 1242 hujus
706 1135 893 1241 prismatis
913 1133 1109 1210 imminuta
1129 1133 1167 1210 in
1189 1129 1332 1240 ratione
1356 1133 1663 1217 circumferentiae
1681 1139 1729 1216 ad
1750 1141 1896 1218 radium

237 1301 307 1378 erit
331 1293 501 1375 distantia
523 1287 640 1366 centri
661 1277 856 1381 gravitatis
876 1275 990 1376 hujus
1012 1273 1142 1375 figurae
1160 1271 1205 1350 ab
1223 1289 1294 1348 axe
1312 1274 1518 1360 rotationis.
1569 1279 1619 1354 Et
1635 1283 1787 1378 proinde
1807 1305 1893 1358 cen.
1980 1250 1983 1258 ’

235 1452 337 1520 trum
361 1433 555 1538 gravitatis
579 1425 694 1528 ipsum
718 1413 1039 1508 determinabitur,
1072 1414 1099 1493 fi
1118 1415 1411 1491 determinentur
1429 1416 1541 1495 solida
1560 1425 1744 1500 rotatione
1764 1423 1895 1522 figurae

234 1581 349 1682 hujus
371 1579 469 1658 circa
488 1578 582 1650 duos
599 1591 688 1648 axes
713 1561 800 1662 (fibi
817 1563 977 1640 invicem
997 1583 1072 1636 non
1097 1556 1309 1658 parallelos)
1335 1557 1473 1656 genita,

333 1719 511 1808 Vicissim,
526 1724 653 1792 centro
666 1707 859 1809 grauitatis
879 1705 1009 1802 figurae
1030 1699 1188 1799 alicujus
1202 1698 1381 1820 positione
1397 1703 1503 1791 dato,
1525 1699 1819 1780 determinantur
1841 1703 1897 1782 so«
1979 1717 1980 1720 ‘

235 1864 310 1942 lida
332 1862 515 1939 rotatione
537 1857 668 1955 figurae
691 1849 805 1959 hpjus
830 1847 925 1924 circa
947 1867 1059 1924 axem
1074 1841 1278 1968 quemlibet
1300 1825 1475 1943 positione
1496 1846 1624 1924 datum
1645 1845 1781 1944 genita.

333 2006 476 2082 Eadem
497 1999 726 2102 applicantur
748 1995 797 2072 ad
820 1987 1027 2092 superficies
1048 1985 1231 2062 rotatione
1252 1986 1410 2086 alicujus
1437 1987 1545 2067 lineae
1569 1990 1666 2066 circa
1687 1990 1780 2066 duos
1803 2009 1894 2068 axes

310 2150 393 2226 tas.

153 2235 167 2244 -
234 2173 320 2250 gem
335 2283 469 2380 Quodli
494 2293 620 2360 autem
645 2279 765 2379 figura
797 2272 1032 2376 symmetrica
1056 2269 1126 2362 est,
1173 2267 1234 2349 seu
1265 2295 1375 2352 axem
1405 2275 1567 2376 aliquem
1598 2273 1728 2374 figura
1756 2275 1891 2357 habet:

236 2433 408 2536 quoniam
434 2439 603 2506 centrum
622 2421 815 2522 gravitatis
838 2417 921 2518 ejus
942 2419 981 2493 in
1002 2417 1074 2492 hoc
1091 2439 1162 2491 axe
1185 2413 1294 2492 snum
1314 2417 1385 2506 est,
1418 2430 1462 2493 ut
1485 2415 1612 2517 pontio
1638 2419 1756 2496 centri
1779 2419 1893 2519 hujus

235 2573 521 2658 determinetur,
548 2566 678 2645 sufficit
696 2575 930 2640 momentum
952 2556 1082 2656 figurae
1103 2575 1287 2657 quaerere,
1311 2559 1472 2662 respetiu
1490 2561 1601 2639 unius
1623 2561 1750 2653 retiae,
1783 2587 1817 2642 v.
1834 2583 1891 2660 gr.

160 2732 171 2752 ⁸
234 2717 395 2816 respeau
416 2671 544 2804 inae,
568 2733 653 2814 quae
674 2696 727 2786 fit'
741 2706 804 2784 axi
826 2705 914 2782 huic
928 2700 1125 2780 ordinatim
1144 2701 1337 2802 applicata.

749 3011 884 3092 Cabur
936 3029 1127 3084 namnum
1176 3023 1387 3086 cumcurn.

320 3175 382 3266 De
396 3170 533 3292 solidis
558 3197 769 3285 eorumque
778 3167 1051 3286 superficiebus
1078 3171 1122 3254 in
1143 3193 1301 3277 genere,
1336 3185 1373 3252 et
1399 3166 1445 3252 de
1471 3162 1610 3252 curvis
1638 3165 1803 3284 darplicr’s
1872 3224 1884 3278 ·.

937 3323 1174 3392 curvaturae.
1684 3371 1688 3380 .

233 3499 467 3674 solidorum
491 3538 734 3616 rotundorum
761 3538 1004 3641 proprietates
1029 3493 1113 3619 tum
1137 3565 1158 3618 a
1183 3535 1301 3640 figura
1325 3537 1525 3638 genitrice,
1560 3547 1642 3615 turn
1667 3562 1690 3616 a
1716 3539 1891 3641 politione

235 3685 335 3773 axis,
368 3661 463 3758 circa
482 3706 593 3781 quem
612 3681 731 3778 figura
748 3685 830 3762 haec
853 3694 1014 3774 rotatur,
1047 3684 1229 3783 pendere,
1257 3685 1296 3760 in
1317 3681 1436 3760 tribus
1452 3681 1634 3781 capitibus
1649 3686 1893 3782 praecedenti·

233 3827 304 3907 bus
329 3824 475 3904 abunde
495 3823 568 3900 mit
591 3823 829 3902 declaratum.
879 3826 1004 3904 Solida
1027 3825 1110 3906 haec
1134 3829 1319 3936 praecipue
1341 3825 1626 3905 mathematicos
1653 3835 1891 3925 occuparunt

233 3968 380 4050 Dantur
399 3977 528 4049 autem
548 3967 742 4046 innumera
765 3965 879 4046 alian
901 3968 1023 4046 solidis
1044 3971 1215 4048 rotundis
1241 3946 1381 4048 diversa
1387 3990 1399 4065 3
1432 3989 1594 4069 quorum.
1611 3969 1773 4069 potiores
1798 3949 1895 4050 duas

301 4128 304 4134 ’
566 4203 569 4212 ‚
1248 4083 1253 4098 ,
1577 4127 1614 4242 ζ,
1721 4105 1893 4214 ¹species

218 4277 223 4286 ’
351 4253 430 4322 bolis
442 4273 527 4322 vero
544 4253 654 4319 eadem
672 4251 712 4318 lit
726 4273 799 4320 cunr
814 4251 955 4320 sestione
975 4253 1092 4320 annuli.
1134 4252 1321 4322 Garamas
1342 4251 1413 4338 (De
1427 4249 1759 4340 conmunicatis.
1774 4251 1892 4320 Libii.

352 4357 491 4430 Viennae
508 4361 608 4442 1640,
625 4357 699 4444 Cap.
710 4358 795 4428 VllI.
816 4361 910 4444 Prop.
924 4359 981 4444 Π.)
1012 4359 1168 4444 regulam,
1197 4379 1290 4442 quarn
1309 4371 1426 4436 vocat,
1447 4359 1626 4446 generalem
1646 4359 1891 4443 compolitionis

350 4465 543 4550 potestatum
566 4465 772 4530 rotundarum
794 4465 874 4530 hanc
902 4465 1050 4554 tradidit,
1083 4462 1134 4526 sed
1160 4484 1218 4548 per
1247 4465 1466 4531 induitionem
1493 4475 1617 4532 tanturn
1642 4461 1889 4549 comprobavit:
1969 4529 1975 4544 ,

352 4571 553 4648 „Quantitas
570 4570 708 4637 robanda
733 4571 766 4634 in
783 4569 872 4636 viam
894 4570 1067 4635 rotationis
1096 4569 1234 4647 (lineam
1257 4570 1458 4646 circularem,
1488 4590 1581 4656 qnam
1601 4570 1814 4650 innotatione
1835 4567 1891 4630 de-

353 4675 491 4752 „scribit
504 4686 647 4742 centrum
664 4674 829 4759 gravitatis
847 4673 1071 4759 magnitudinis
1089 4674 1227 4749 rotatae)
1250 4672 1341 4738 dusta
1352 4677 1500 4758 producit
1518 4677 1707 4762 potestatem
1723 4673 1894 4739 rotrmdam

354 4798 453 4859 „uno
478 4779 577 4864 gradu
595 4781 742 4844 altiorem
768 4777 923 4862 potestate
949 4777 1018 4842 five
1047 4779 1221 4862 quantitate
1239 4787 1382 4856 rotata„
1434 4780 1730 4848 Demonstrationes
1755 4777 1893 4863 regule,

356 4905 427 4972 quae
446 4883 484 4948 ad
505 4882 703 4952 Guansuunr
722 4892 868 4966 tanquam
886 4886 1094 4950 inventorem
1112 4883 1222 4947 referri
1239 4883 1428 4965 consuevit,
1455 4891 1539 4956 varii
1557 4888 1672 4956 deinde
1692 4886 1795 4980 varias
1816 4901 1894 4970 pro·
1965 4949 1970 4964 ,
2015 4963 2020 4970 ,

354 4991 538 5079 posuerant.
560 4987 656 5057 Coos.
672 4989 876 5059 nonnum
893 4987 992 5073 Hist.
1014 4988 1075 5174 dg
1083 4985 1213 5176 biderla
1236 4985 1277 5056 T.
1292 4987 1331 5056 ΙΙ,
1351 5011 1383 5076 p.
1399 5011 1449 5079 ¹9·
1459 4995 1522 5082 sqq.
