4920 6296
566 475 644 551 '188

573 641 644 719 bus
668 638 843 729 stabilita,
867 637 1101 715 eadem'vera
1123 637 1175 716 est
1195 649 1262 740 p'ro
1283 642 1353 718 alia
1370 647 1588 741 quacunque
1610 631 1724 736 resla3
1761 637 1834 718 sive
1855 648 2021 718 transeat
2042 661 2108 740 per
2132 663 2226 742 pun·

464 767 468 781 ’
574 780 673 858 stum
693 779 864 856 occursus
880 779 1060 880 priorum,
1085 780 1157 858 sive
1179 805 1262 856 non.
1454 871 1456 876 ¹

421 911 424 918 ⁴
652 917 866 1018 tonsurato.
916 919 959 996 In
986 921 1191 996 enunciatis
1218 921 1511 1031 praecedentibus
1542 921 1722 1022 supposui,
1747 924 1880 1022 puntla
1909 923 1996 1002 data
2027 921 2149 1022 jacere
2178 926 2226 1004 ad

559 1067 725 1145 easdem
743 1075 867 1165 partes
885 1061 1015 1148 rettae,
1040 1063 1078 1134 in
1099 1082 1209 1156 quam
1232 1063 1490 1162 perpendicula
1509 1077 1683 1162 aguntur.
1734 1065 1776 1142 Si
1793 1063 1896 1154 secus
1915 1064 2045 1141 suerit:
2070 1045 2224 1150 mutatis
2288 1169 2295 1178 .

548 1283 550 1288 .
571 1211 684 1308 fignis
704 1195 1047 1312 perpendiculorum
1070 1225 1118 1277 ex
1139 1203 1278 1302 punitis
1295 1205 1343 1280 ad
1364 1205 1521 1282 diversas
1545 1187 1715 1304 ejusdem
1735 1205 1843 1284 reite
1862 1219 1984 1305 partes
2001 1203 2076 1280 sitis
2094 1205 2224 1281 demis-

567 1358 711 1460 sorum3
738 1367 968 1449 quaecunque
989 1342 1036 1419 de
1056 1329 1196 1420 summa
1221 1346 1315 1422 ditia
1336 1347 1504 1438 fuerunt,
1541 1350 1769 1448 applicantur
1794 1347 1966 1435 excessui,
1990 1369 2067 1444 quo
2084 1347 2223 1424 summa
2295 1405 2298 1412 .

565 1494 885 1592 restangulorum,
905 1462 1046 1586 punitis
1069 1488 1115 1562 ab
1135 1509 1208 1564 una
1237 1487 1350 1588 hujus
1377 1493 1486 1568 lineae
1515 1508 1617 1590 parte
1639 1492 1714 1568 sitis
1735 1489 2048 1592 respondentium,
2080 1488 2224 1588 superat

570 1641 752 1720 summam
767 1630 1001 1728 reliquorum.
1060 1625 1141 1716 Quo
1162 1628 1303 1704 monito
1325 1633 1519 1728 praemisso,
1546 1637 1582 1710 in
1605 1635 1835 1734 sequentibus
1859 1632 1994 1730 pariter
2019 1629 2066 1706 de
2087 1629 2224 1706 summa

386 1745 389 1752 ⁴
449 1745 453 1755 ¹
572 1793 719 1863 tantum
737 1777 860 1853 dicere
880 1765 1050 1857 sufficietl
1076 1765 1175 1864 ‘luasl
1195 1769 1317 1845 omnia
1339 1775 1471 1871 puncta
1493 1777 1542 1854 ad
1561 1778 1711 1854 easdem
1733 1775 1860 1862 resiae,
1882 1773 1921 1848 in
1944 1794 2056 1872 quam
2070 1796 2225 1872 perpen-

572 1926 697 2009 dicula
715 1929 895 2017 aguntur,
919 1919 1042 2008 partes
1060 1905 1235 2005 jacerent

670 2062 716 2169 §a
741 2070 821 2139 126.
873 2053 915 2130 In
930 2050 1146 2126 Mechanica
1163 2049 1381 2134 ostenditur:
1408 2061 1583 2162 punsium
1603 2038 1641 2136 2
1662 2082 1857 2137 commuue
1875 2055 1944 2132 else
1965 2055 2136 2150 gravitatis
2156 2077 2223 2129 rea·

572 2237 658 2296 rrum
685 2177 844 2286 totidem
871 2192 1124 2282 massarum,
1151 2195 1190 2280 ὓ,
1216 2220 1284 2284 ἡ·
1311 2203 1406 2289 ..1,
1447 2224 1604 2298 quarum
1632 2199 1854 2296 singularum
1877 2214 2003 2277 centra
2032 2199 2224 2293 gravitatis

552 2362 642 2452 jsmt
665 2358 719 2443 A,
752 2350 806 2435 B,
831 2343 879 2429 C,
913 2385 921 2408 ·
948 2385 958 2406 ·
983 2338 1068 2432 {la-1
1121 2336 1204 2423 Qua
1228 2337 1409 2435 punftiZ
1438 2343 1741 2421 denominatione.
1766 2341 1827 2418 hic
1854 2345 1973 2420 etiarn
2006 2341 2223 2439 (brevitatis

553 2499 705 2592 causa)
723 2489 784 2610 uti
798 2488 928 2565 liceat„

669 2641 798 2734 lisque
822 2625 1002 2730 inustum·
1025 2617 1141 2699 festae}
1162 2621 1426 2716 magnitudine·
1446 2593 1546 2704 datae
1568 2628 1741 2736 medium
1760 2624 1810 2701 est
1837 2635 2005 2701 centrum
2032 2581 2222 2720 gravitatis
2340 2701 2346 2710 ,

571 2777 835 2883 hujusrlineae3
870 2766 909 2846 dt
931 2763 1155 2868 superficies,
1186 2785 1305 2862 quam.
1324 2764 1421 2841 resta
1443 2769 1701 2863 magnitudine
1730 2767 1817 2842 data
1843 2741 1948 2840 eirca
1962 2788 2072 2882 axem
2095 2768 2245 2864 quem·

570 2928 668 3010 libet,
685 2914 857 2997 'revoluta
880 2917 1057 3005 generat„
1087 2905 1247 3010 aequ'alis,
1264 2905 1317 2986 est¹
1335 2908 1546 3006 restangulo
1574 2910 1637 2988 sub
1661 2912 1740 2988 hac
1761 2909 1862 2984 rena.
1879 2905 1917 2980 dt
1942 2903 2005 2981 sub
2030 2906 2221 2984 circumse-

521 3055 525 3064 ’
569 3065 711 3149 tentia,
734 3078 850 3163 quarn.
863 3061 1039 3126 centrum,
1054 3047 1255 3143 gravitatis
1265 3045 1347 3150 ejus
1364 3054 1553 3133 rotatione·
1570 3055 1647 3133 hac
1661 3051 1848 3130 describit..

667 3185 952 3286 tremcentrun,
967 3187 1104 3283 figurae
1116 3184 1290 3283 cujusvis:
1302 3191 1504 3292 restanguli
1524 3194 1699 3299 ¹srmul'est
1719 3193 1801 3292 ejus
1816 3199 1983 3267 centrum
2007 3186 2218 3284 gravitatis3

570 3338 739 3426 &solida
752 3335 934 3416 mutime
949 3327 1241 3425 restengulorum
1253 3331 1354 3412 circa.
1366 3355 1465 3412 axesl.
1476 3356 1733 3437 quoscunque,
1751 3331 1814 3406 uni
1829 3353 1876 3402 ex
1897 3328 2072 3407 lateribus
2091 3351 2218 3405 eorum

567 3477 785 3589 parallelos„
806 3471 937 3569 genita¹
957 3469 1045 3552 sunt¹
1066 3473 1112 3551 in¹
1129 3471 1280 3546 ratione·
1293 3475 1491 3574 composrta
1514 3500 1561 3552 ex
1584 3471 1786 3551 rationibus
1802 3467 1973 3566 ipsorum.
1992 3469 2219 3566 reslangulo·

457 3626 460 3632 ’
565 3647 651 3706 rum
670 3633 781 3720 atque
803 3611 1197 3698 circumferentiarum,
1222 3617 1314 3710 quas
1337 3637 1470 3692 earum.
1482 3626 1611 3691 centra
1633 3610 1825 3712 gravitatis
1843 3595 2068 3688 describunt..

664 3763 748 3842 Sint
769 3752 1085 3862 quotlibet;rettae;
1099 3753 1145 3832 in,
1160 3754 1297 3832 eodem
1311 3757 1428 3860 plano
1445 3754 1622 3860 positione
1640 3779 1693 3836 ac:
1710 3753 1971 3872 magnitudine
1993 3752 2108 3844 datae,
2133 3774 2217 3852 quae
2244 3731 2248 3737 ⁴

564 3908 670 3987 simul
689 3907 785 3981 circa
811 3920 924 3975 axem·
943 3895 1152 4000 quemlibet·
1167 3896 1422 3978 revolvantur..
1473 3901 1517 3977 ln
1545 3899 1687 4000 ponetis
1716 3895 1896 3972 redarum
1924 3893 2217 3975 harummediis

562 4050 750 4152 fingantur
776 4039 904 4123 massae
923 4035 1079 4131 singulis·
1096 4035 1208 4112 reon
1228 4040 1544 4144 proportionales„
1567 4039 1605 4120 &
1630 4047 1824 4137 quaeratur
1836 4046 2011 4113 centrum
2023 4037 2216 4134 gravitatis

562 4162 901 4268 commonebantur
915 4178 1127 4259 massarum.¹
1171 4181 1609 4285 Summasuperficierum
1625 4205 1647 4258 a
1665 4178 1772 4258 rems
1786 4179 1859 4257 illis
1875 4181 2057 4257 rotatione
2071 4182 2140 4257 hac
2150 4204 2215 4277 ge·

561 4331 724 4410 nitarum
737 4328 890 4426 aequalis
906 4322 957 4402 est
971 4319 1189 4416 retiangulo..
1199 4319 1362 4408 utinen.
1374 4325 1514 4404 summa
1525 4323 1880 4412 narumrenarum„
1895 4321 1935 4401 dr
1958 4345 2011 4400 ex,
2021 4321 2215 4398 circumfe-

560 4469 679 4551 rentia
688 4467 733 4542 ab
743 4469 931 4544 communi
947 4465 1144 4546 massanum,
1153 4461 1291 4544 barum
1300 4473 1430 4542 centro
1443 4469 1636 4563 gravitatis
1650 4467 1784 4544 'eadem
1791 4460 2021 4541 revolutione
2035 4464 2212 4568 percursa.

630 4606 633 4612 ’
659 4608 743 4687 Sint
768 4607 950 4703 quotlibet
976 4607 1184 4706 resiangula
1210 4604 1265 4682 in*
1280 4601 1418 4683 eodem
1434 4606 1551 4706 plano.
1566 4607 1740 4707 positione
1766 4604 1808 4685 dt
1826 4605 2083 4706 magnitudine
2105 4606 2210 4692 data5

499 4727 502 4732 ¹
558 4747 607 4828 fic
640 4762 684 4827 ut
706 4744 928 4844 singulorum
953 4747 1086 4823 horum
1111 4747 1406 4846 reuangulorum
1431 4767 1549 4823 unum
1572 4748 1670 4826 latus
1697 4750 1741 4829 lit
1769 4750 1877 4832 restae
1904 4749 2014 4828 alicui
2037 4741 2211 4844 positione

252 4873 259 4881 ⁸
403 4933 407 4944 ,
538 4890 656 4972 datae
688 4884 912 4991 parallelum.
977 4885 1204 4985 Retiangula
1229 4887 1313 4968 haec
1345 4883 1451 4971 slmul
1471 4888 1707 4970 revolvantur
1732 4891 1829 4969 circa
1856 4907 1968 4966 axem
1989 4882 2098 4964 reaae
2121 4878 2210 4956 huic

2090 5018 2216 5127 paral*
