4944 6252
2044 389 2094 474 m
2230 407 2232 414 .

429 555 562 659 natam
576 567 908 650 animadversiones
928 565 1086 668 amplius
1107 562 1261 646 extendi
1285 565 1446 668 primurn
1467 567 1551 669 ejus
1565 564 1717 670 Caputg
1744 565 1864 666 quod,
1896 588 1982 644 cum
2001 569 2086 649 sun·

428 713 600 800 'damenta
622 715 798 796 exhibeat
819 717 937 794 totius
959 712 1164 812 systematis
1183 711 1410 790 calculorum
1433 711 1675 814 superiorum,
1699 711 1883 813 praecipua
1898 733 1986 788 cura
2004 724 2086 792 erat
2168 817 2170 822 ,

423 863 663 942 trasiandum.
726 861 929 961 Speciadm
957 859 1064 935 notio
1087 857 1216 936 limitis
1243 856 1382 934 ibidem
1408 855 1546 933 tradita
1573 855 1683 932 nimis
1709 867 1792 934 erat
1815 851 1987 952 angusta3
2023 854 2079 946 &‚

419 1015 463 1082 ut
482 1027 613 1084 omnes
639 1002 943 1105 complesseretur
959 1002 1080 1093 casus,
1108 1003 1285 1089 debebat,
1308 998 1365 1074 uti
1381 987 1481 1075 nunc
1508 1000 1552 1076 sit
1578 995 1617 1103 §.
1641 1025 1704 1100 ¹3·
1730 997 1894 1075 extendi.

287 1267 293 1282 .
513 1174 570 1251 Ita
594 1171 732 1250 fastum
751 1167 821 1263 cst,
854 1181 899 1246 ut
919 1167 1041 1271 Caput
1062 1170 1134 1246 hoc
1153 1167 1429 1256 fundamentale
1451 1177 1696 1265 augmentum
1722 1165 1807 1244 satis
1829 1165 1969 1266 infigne
1990 1193 2082 1248 nan·
2134 1219 2142 1230 .

359 1375 362 1382 .
415 1313 630 1411 cisceretur;
668 1337 789 1414 neque
820 1314 1004 1392 rationem
1030 1311 1240 1387 habendam
1267 1309 1336 1385 esse
1361 1308 1567 1388 existimavi
1588 1308 1749 1387 censurae
1768 1309 1990 1409 prolixitatis
2012 1311 2081 1388 ho·

415 1481 500 1536 rum
520 1455 837 1558 praeliminarium.
890 1452 1001 1530 Adeo
1024 1445 1228 1552 persuasum
1248 1447 1386 1536 habeo,
1411 1433 1588 1568 principia
1613 1452 1835 1530 calculorum
1853 1452 2080 1553 superiorum

414 1599 549 1681 debere
569 1600 617 1676 ad
638 1599 862 1679 methodum
885 1593 1048 1673 limitum
1073 1589 1202 1669 reduci
1210 1647 1225 1680 „
1255 1613 1325 1666 nec
1346 1583 1441 1690 posse
1470 1585 1542 1664 alio
1561 1593 1674 1666 modo
1695 1593 1805 1668 solide
1832 1595 2001 1704 stabiliri;
2033 1611 2079 1676 ut

266 1805 268 1810 .
410 1743 650 1848 necessarium
679 1741 749 1820 esse
777 1739 1012 1847 putaverim,
1050 1707 1272 1814 methodum
1298 1733 1400 1810 islam
1429 1733 1470 1812 in
1497 1731 1657 1810 formam
1691 1729 1864 1812 dossrinae
1894 1741 2076 1840 redigere.

412 1881 505 1972 Quae
527 1908 632 1975 cum,
658 1909 744 1992 mea
759 1883 912 1988 quidem
930 1880 1128 1969 sententia,
1153 1889 1298 1981 partem
1318 1871 1538 2002 cqnssituere
1560 1875 1694 1952 debeat
1716 1875 1850 1954 Cursus
1868 1881 2075 1960 matheseos
2115 1969 2118 1974 ¹

408 2023 663 2120 dementatis,
688 2053 753 2120 eo,
778 2053 853 2133 quo
878 2035 1043 2129 oportet,
1067 2025 1189 2122 rigore
1211 2021 1251 2100 dt
1274 2022 1418 2100 ambitu
1438 2019 1648 2097 concinnati
1655 2043 1666 2116 ;
1701 2013 1966 2124 supersedissem
1986 2025 2075 2102 huic

409 2187 550 2270 operae,
584 2167 744 2272 siquem
769 2172 926 2265 nossem,
959 2171 1008 2250 ad
1035 2189 1147 2267 quem
1168 2167 1358 2256 remittere
1383 2162 1585 2264 potuissem.
1646 2163 1823 2244 Ceterum
1851 2167 2075 2265 comparatio

395 2299 554 2392 ·'attenta
577 2313 745 2405 docebit,
768 2317 910 2397 nullam
935 2313 975 2390 ‘m
1000 2313 1137 2412 Capite,
1153 2311 1241 2398 hoc,
1267 2319 1354 2384 utut
1374 2305 1515 2406 amplo,
1541 2307 1640 2384 tradi
1659 2307 1957 2409 propositionem,
1983 2311 2074 2409 quin
2119 2350 2128 2370 ·
2217 2413 2220 2419 ἡ

408 2449 456 2530 ad
476 2454 744 2558 'applicationes
763 2463 960 2563 sequentes
982 2451 1176 2532 necessaria
1200 2449 1256 2529 sn.
1359 2493 1363 2502 ·
1405 2450 1407 2458 ’

503 2618 693 2704 Defiderio
717 2624 792 2704 solo
813 2623 905 2702 utile
930 2625 1021 2726 quid
1046 2619 1241 2724 praestandi
1264 2630 1391 2700 motus
1412 2649 1488 2702 nou
1507 2619 1706 2702 reformido
1731 2620 2069 2722 reprehensionem

407 2759 724 2866 quod‘sententia,
752 2790 866 2872 quam
891 2766 1062 2860 sustineo,
1096 2791 1191 2848 nova
1212 2793 1288 2845 non
1305 2765 1370 2859 srt,
1394 2766 1457 2844 sed
1483 2767 1529 2844 ab
1556 2765 1667 2847 variis
1689 2763 1767 2865 jam
1792 2765 2069 2844 mathematicis

333 3011 335 3018 y
412 2909 601 3012 qroposrta.
662 2913 809 2992 Gnarus
833 2911 1049 3014 scriptorum
1080 2907 1425 2996 omanorum,
1444 2884 1658 3010 λ(Σουεητι,
1691 2908 1936 2998 Knsrunnr,
1962 2909 2069 2986 Kan-

409 3050 587 3152 srpnu,
613 3055 965 3142 Tumescnorrrr,
990 3053 1262 3143 Pacuuianis,
1296 3049 1497 3152 praesertim
1527 3051 1816 3132 dissertationum
1835 3052 2070 3152 egregiarum

404 3196 632 3288 nomnen,
658 3194 699 3273 &
723 3175 900 3272 trassatus
927 3163 1030 3274 solidi
1048 3197 1348 3287 Macnnuurur,
1381 3187 1608 3274 inanimum
1628 3196 1731 3274 haud
1749 3195 1967 3272 induxissem
1989 3220 2068 3272 me·
2127 3195 2136 3212 ”

292 3439 301 3456 ,
407 3337 607 3416 ditationes
628 3360 734 3417 meas
754 3338 801 3415 de
821 3340 938 3416 arduo
963 3341 1035 3416 hoc
1057 3337 1200 3439 objesto
1218 3305 1362 3439 publice
1383 3363 1569 3440 exponere
1576 3363 1589 3434 ;
1614 3339 1679 3416 nisr
1701 3339 1852 3438 quaestio
1873 3342 1918 3417 ab
1941 3339 2068 3418 Socie-

401 3492 481 3562 tate
510 3483 673 3564 literaria
700 3484 794 3561 adeo
817 3483 944 3561 illustri
971 3481 1205 3584 promulgata
1233 3449 1478 3562 attentionem
1507 3503 1630 3556 meam
1651 3483 1862 3571 excitasset,
1900 3483 2065 3581 mihique

401 3625 641 3744 persuasisset,
668 3651 752 3730 quae
776 3627 856 3729 jam
878 3625 1039 3730 praestita
1059 3623 1147 3717 smt,
1181 3626 1346 3704 nondum
1366 3621 1539 3701 omnibus
1564 3620 1750 3722 desideriis
1771 3623 1976 3734 satissacere
1999 3623 2065 3724 ipsr

405 3773 537 3853 videri.
596 3781 599 3788 ’

499 3907 667 4011 Dubium
688 3933 855 4020 nonest,
889 3929 979 4029 quin
1003 3931 1246 4022 Nawrouus
1276 3929 1459 4010 aoerrnas
1479 3929 1559 4010 suas
1583 3929 1717 4008 iisdem
1736 3905 1922 4032 principiis
1945 3932 2067 4033 super·
2198 3983 2202 3988 -
2238 4017 2241 4026 ,

401 4071 558 4164 struere,
584 4072 782 4172 speciatim-
800 4093 866 4175 per
884 4073 1048 4149 rationes
1071 4077 1209 4176 primas
1230 4075 1270 4153 dt
1292 4076 1461 4166 ultimas,
1487 4087 1566 4153 tam
1584 4073 1796 4180 frequenter
1815 4077 1856 4152 in
1873 4072 2066 4175 Principiis

377 4271 382 4288 ,
407 4213 480 4292 suis
507 4213 726 4315 usurpatas,
754 4214 894 4292 limites
922 4215 1108 4296 rationum
1130 4217 1288 4314 intelligi
1312 4217 1489 4313 voluerit3
1524 4215 1703 4316 cumipse
1726 4217 1936 4297 imscnoho
1955 4219 2066 4295 Lem·

399 4357 493 4436 muti
512 4355 576 4433 XI.
603 4353 706 4433 Libri
724 4343 751 4432 I,
777 4354 936 4460 Princip.
968 4359 1159 4458 subjunsto
1187 4341 1401 4438 monuerit:
1453 4361 1579 4436 Ultima
1610 4359 1749 4430 rutt'oues
1772 4363 1852 4452 isse,
1883 4363 2067 4461 quibuscum
2128 4433 2131 4442 ,
2211 4395 2212 4398 “

337 4553 340 4560 ,
398 4558 421 4592 „
431 4506 617 4599 quaesturas
635 4498 834 4596 erebrescunt,
859 4527 975 4577 revera
997 4528 1064 4576 nou
1071 4502 1154 4600 futu
1172 4507 1312 4580 rationes
1332 4509 1543 4614 quantitatum
1567 4502 1772 4588 uitiatarum
1792 4504 1853 4599 sed
1871 4501 2001 4588 limites,
2026 4505 2068 4572 ad

365 4734 370 4746 Ι
397 4667 511 4742 „quos
524 4645 734 4744 quantitatum
745 4643 818 4744 fine
841 4645 942 4721 simite
962 4645 1199 4744 decrescentium
1219 4651 1358 4723 rationes
1370 4643 1499 4748 semper
1512 4649 1784 4746 appropinquant,
1817 4643 1866 4722 ἔθ’
1890 4669 1970 4742 quos
1981 4667 2065 4739 pro·

397 4791 502 4888 „pitu
526 4783 640 4891 estqui
658 4785 783 4888 poffunt
807 4813 902 4887 worn
918 4817 982 4890 pro
1004 4798 1078 4867 dota
1099 4797 1212 4890 quouis
1235 4791 1423 4891 diffirmiu

441 4965 451 4982 ⁰
553 4914 560 4937 ι
1239 4977 1262 5024 ”
1286 5003 1309 5058 2
1889 4999 1907 5016 ⁸
1931 4973 2068 5063 Quam·
