4920 6296
548 447 616 527 198

537 609 622 687 ficie
642 614 768 690 conica
789 616 1049 703 terminatum,
1071 613 1206 692 dicitur
1228 639 1343 708 conus,
1367 616 1429 694 seu
1447 616 1600 694 solidum
1623 615 1811 709 conicum3
1839 615 1878 694 dr
1894 617 2013 716 figura
2029 616 2103 719 ipsa
2122 617 2205 718 ejus

534 755 623 851 briss·
674 757 789 834 Retia
813 783 860 834 ex
878 757 1018 833 vertice
1039 759 1077 832 iri
1096 757 1245 856 planum
1264 759 1357 840 basis
1366 761 1722 860 perpendiculariter
1743 761 1891 838 demissa
1907 765 2205 840 vocatur'alritudo

538 900 633 976 coni.
686 901 727 978 Si
754 898 848 977 basis
871 902 986 979 habet
1004 916 1174 979 centrum
1195 903 1344 1000 figurae,
1371 903 1410 982 dt
1436 905 1594 984 altitudo
1618 905 1701 980 coni
1721 904 1830 1004 plano
1852 902 1945 982 basis
1973 905 2013 981 in
2031 904 2102 980 hoc
2122 928 2211 983 cen·

537 1052 598 1121 tro
616 1045 774 1120 occurrit
780 1065 792 1134 3
819 1066 933 1132 conus
957 1056 1111 1121 vocatur
1133 1044 1254 1121 retius:
1292 1019 1323 1122 si
1343 1047 1445 1124 secus
1452 1068 1463 1141 3
1491 1071 1606 1122 conus
1632 1044 1683 1121 est
1701 1049 1854 1146 obliquus.

638 1201 682 1280 si
707 1223 822 1278 conus
846 1201 955 1301 plano
976 1175 1117 1280 secetur
1145 1203 1219 1285 basi
1246 1203 1437 1306 parallelo:
1480 1203 1599 1301 ligura
1624 1202 1787 1282 sessionis
1812 1199 1892 1282 bafi
1919 1200 2043 1280 similis
2062 1201 2134 1299 est3
2169 1203 2210 1284 dr

542 1348 787 1428 dimensiones
811 1345 1020 1442 homologae
1038 1346 1202 1426 sessionis
1226 1373 1270 1425 ac
1292 1345 1385 1427 basis
1406 1345 1488 1424 sunt
1508 1348 1606 1426 inter
1629 1348 1664 1426 se
1687 1350 1745 1425 uti
1764 1345 1943 1424 distantiae
1966 1347 2066 1448 plani
2088 1347 2212 1442 secan}

545 1496 597 1572 tis
621 1492 661 1572 dr
685 1491 778 1571 basis
803 1491 983 1572 avertice
1005 1492 1098 1568 coni.
1374 1481 1385 1486 ”

493 1723 507 1736 ,
645 1649 730 1728 Sint
756 1647 831 1724 duo
854 1649 937 1722 coni
958 1631 1154 1743 aequ'ealt13
1188 1646 1291 1725 bases
1313 1672 1441 1728 eorum
1463 1649 1503 1727 in
1527 1649 1659 1729 eodem
1686 1647 1794 1750 plano
1817 1644 1984 1746 jaceant,
2009 1643 2062 1722 ita
2080 1657 2125 1724 ut
2146 1647 2210 1750 ipsi

549 1793 622 1874 sint
641 1790 768 1870 versus
791 1790 943 1865 easdem
963 1785 1077 1884 hujus
1104 1787 1203 1887 plani
1230 1803 1354 1890 partes
1377 1793 1444 1870 siti.
1496 1793 1671 1872 Altitudo
1690 1789 1896 1870 communis
1922 1785 2079 1864 duorum
2104 1813 2212 1867 cono·

547 1961 635 2017 rum
662 1935 848 2012 dividatur
877 1931 916 2005 in
940 1942 1063 2029 partes
1092 1947 1329 2032 quotcunque
1356 1936 1542 2036 aequales:
1580 1937 1618 2013 δι
1643 1936 1791 2031 utrique
1818 1929 2058 2007 inscribantur
2080 1955 2122 2006 ac
2144 1933 2214 2010 clr-

549 2076 840 2154 cumscribantur
863 2072 1039 2172 prismata
1063 2078 1246 2175 aequealta
1270 2078 1318 2152 ad
1341 2101 1509 2154 normam
1533 2075 1561 2180 §
1581 2073 1689 2178 priri‘ii
1714 2072 1875 2172 exempli
1901 2071 2002 2150 tertii
2009 2093 2021 2162 ;
2057 2093 2213 2170 quorum

548 2221 654 2302 bases
682 2218 752 2295 sint
777 2215 907 2313 figurae
937 2213 1071 2294 similes
1098 2218 1312 2298 sessionibus
1338 2220 1444 2298 simul
1466 2222 1647 2320 inscriptae
1676 2230 1742 2294 aut
1767 2213 2059 2312 circumscriptae.
2130 2218 2216 2299 Duo

552 2363 730 2466 prismata
747 2359 965 2459 inutraque
988 2386 1082 2438 cono
1095 2357 1165 2440 sibi
1189 2363 1350 2440 invicem
1371 2365 1626 2464 respondentia
1652 2360 1778 2455 (seua
1800 2357 1938 2434 veitice
1962 2355 2045 2431 coni
2066 2363 2216 2459 aequali.

554 2514 615 2590 ter
635 2502 831 2598 distantia)
855 2503 938 2578 sunt
957 2505 994 2579 in
1011 2505 1152 2580 ratione
1169 2508 1348 2585 constanti
1366 2507 1506 2586 basium
1524 2507 1688 2594 suarum,
1713 2503 1774 2580 seu
1796 2501 1835 2577 iii
1856 2501 1999 2578 ratione
2017 2501 2218 2600 figurarum

554 2646 701 2728 basibus
726 2670 904 2722 coriorum
927 2605 1033 2723 simul
1059 2647 1311 2750 inscriptamm
1334 2662 1400 2728 aut
1420 2649 1799 2749 circumscriptarum
1831 2645 1979 2744 proinde
2005 2644 2218 2734 &summae

556 2790 692 2869 horum
717 2789 939 2890 prismatum
966 2787 1048 2867 sunt
1073 2761 1112 2867 in
1135 2793 1267 2870 eadem
1295 2795 1438 2870 ratione
1465 2793 1653 2870 constanti.
1724 2787 1903 2878 Quare&
1927 2787 2065 2865 limites
2086 2791 2219 2874 harum

557 2933 802 3021 summarum,
821 2953 966 3032 'nempe
987 2931 1062 3008 duo
1089 2934 1190 3024 coni,
1227 2934 1310 3012 sunt
1331 2900 1548 3014 uti'limites
1572 2935 1775 3034 figurarum
1790 2931 1941 3044 'basibus
1964 2932 2220 3033 inscriptanim

537 3075 598 3154 ·&
621 3073 992 3172 circumscriptarum,
1016 3077 1077 3151 seu
1096 3089 1140 3153 ut
1165 3079 1249 3178 ipsae
1272 3081 1384 3157 bases,
1444 3080 1554 3157 Ratio
1577 3079 1692 3175 igitur
1717 3078 1875 3156 duorum
1893 3095 2067 3152 cononun
2093 3097 2222 3176 aeque·

402 3323 409 3330 Ι
537 3218 720 3294 'altorum
739 3214 894 3311 aequalis
907 3213 968 3289 est
988 3216 1123 3293 rationi
1146 3218 1284 3296 basium
1304 3246 1444 3301 eorum.

660 3377 780 3475 Atqui
804 3373 900 3450 ratio
925 3374 1065 3455 basium
1091 3384 1244 3482 aequalis
1274 3385 1325 3464 est
1352 3389 1486 3466 rationi
1514 3386 1766 3486 cylindrorum
1788 3384 2056 3484 aequealtorum
2078 3381 2223 3464 basibus

559 3522 633 3603 illis
655 3516 905 3596 insistentium.
956 3519 1114 3602 Proinde
1132 3529 1216 3605 coni
1238 3531 1413 3630 aequealti
1431 3532 1529 3607 inter
1552 3529 1587 3605 se
1610 3528 1693 3605 sunt
1712 3528 1769 3604 uti
1791 3529 1950 3627 cylindri
1967 3526 2141 3626 aequealti
2159 3529 2224 3608 iis·

540 3668 651 3743 *deiri
673 3663 818 3743 basibus
837 3661 1053 3748 insistentes.

657 3819 736 3900 Sed
759 3840 876 3895 conus
907 3820 1094 3899 circularis
1123 3823 1174 3900 'est
1200 3848 1285 3929 pars
1312 3827 1422 3904 tertia
1445 3822 1604 3926 cylindri
1631 3823 1818 3901 circularis
1840 3819 2015 3923 aequealti
2036 3817 2141 3920 super
2164 3847 2224 3904 ea«

540 3967 651 4043 ‘dem
678 3961 764 4044 basi.
822 3961 982 4040 Proinde
1006 3989 1122 4044 conus
1148 3967 1303 4069 quilibet
1332 3993 1417 4072 pars
1445 3967 1497 4048 est
1521 3966 1633 4052 tertia
1655 3967 1814 4066 cylindri
1832 3963 2008 4065 aequealti
2028 3963 2227 4068 eidemque

561 4105 864 4186 baliinsistentis,

662 4249 933 4328 Determinatio
956 4249 1072 4348 igitur
1089 4259 1303 4355 capacitatis
1324 4263 1489 4363 cujusvis
1506 4256 1609 4340 solldi
1624 4252 1747 4334 ,conici
1769 4252 1962 4333 reducitur
1982 4249 2032 4328 ad
2050 4247 2227 4330 deterrui·

542 4391 751 4474 'nationem
772 4393 879 4474 basis.
1900 4399 1903 4406 '

663 4573 704 4682 §.
740 4599 821 4674 135.
871 4585 988 4664 Secus
1014 4595 1141 4665 autem
1162 4609 1223 4665 res
1251 4587 1366 4667 habet
1394 4591 1493 4690 quod
1523 4593 1571 4670 ad
1600 4589 1826 4692 superficiem
1857 4585 2054 4682 solidorum
2084 4583 2230 4662 conico·

562 4741 661 4806 tum.
704 4723 852 4802 Notum
869 4727 944 4820 est,
966 4730 1193 4829 superficiem
1216 4733 1299 4812 coni
1315 4733 1403 4810 resti
1419 4735 1605 4813 circularis
1626 4760 1649 4812 a
1671 4731 1967 4813 circumferentia
1988 4729 2115 4807 circuli
2130 4730 2228 4827 'pen-

564 4863 666 4950 dete.
724 4867 994 4952 Determinatio
1016 4883 1144 4951 autem
1167 4875 1376 4980 superficiei,
1390 4877 1473 4956 coni
1498 4877 1685 4957 circularis
1713 4877 1857 4976 obliqui
1877 4872 2013 4972 (⁰1¹1us
2035 4867 2231 4966 investiga·

1391 5015 1395 5022 '
2136 5008 2228 5090 tioni
