4944 6252
476 541 511 618 ll

480 740 564 818 quae
586 715 707 794 dubiis
732 715 910 792 obnoxias
926 715 1085 794 reddant
1108 713 1384 814 consequentias
1405 735 1454 790 ex
1473 711 1559 814 ipsrs
1583 691 1779 807 deduiias3
1817 709 1880 824 vel
1908 713 2004 792 adeo
2028 693 2143 816 sagas

480 860 550 937 else
575 859 614 936 δι
633 859 958 948 indeterminatas,
982 871 1027 934 ut
1047 857 1158 958 juxta
1178 881 1241 934 eas
1261 853 1402 934 nonnil
1427 858 1692 957 propemodum
1711 880 1754 933 ac
1776 853 1892 932 relate
1914 853 1963 930 ad
1986 844 2144 954 propoliss

481 1013 565 1080 turn
584 999 770 1099 quendam
788 998 937 1108 scopum
958 999 1183 1099 peculiarem
1199 1023 1288 1078 vera
1309 999 1444 1088 essent,
1471 1021 1556 1098 quae
1578 1023 1643 1101 per
1664 996 1847 1097 analysrn,
1872 1017 1984 1094 quam
2002 1005 2147 1078 vocant,

480 1141 788 1224 infinitesnnaiem
811 1150 1039 1218 eruerentur.
1637 1243 1639 1248 ,

580 1283 814 1375 Sententiam
833 1283 929 1361 hanc
958 1281 1004 1355 de
1032 1278 1155 1355 indole
1178 1275 1507 1360 statuumillomm
1531 1281 1751 1382 quantitatis
1773 1281 1936 1379 profiteri
1958 1278 2052 1356 mihi
2073 1275 2147 1354 visa

414 1425 416 1432 ’
482 1429 533 1504 est
558 1425 704 1503 illustris
733 1424 939 1503 Academia
962 1422 1194 1500 scientiarum
1217 1422 1462 1502 Berolinensrs
1481 1427 1519 1504 in
1540 1426 1836 1520 Prograrnmate‚
1866 1446 1940 1522 quo
1964 1420 2147 1496 theoriam

478 1569 615 1648 infiniti
647 1567 902 1645 mathematici
933 1565 1087 1665 praemio
1122 1565 1168 1639 ab
1196 1551 1235 1637 'se
1267 1587 1363 1640 anno
1398 1570 1502 1666 1786.
1536 1566 1855 1643 condecorandam
1883 1564 2143 1666 promulgavit.

480 1715 601 1802 Quare
619 1711 665 1786 ab
687 1708 792 1810 scopo
814 1707 924 1810 ipsius
946 1705 1109 1780 alienum
1132 1703 1234 1778 haud
1252 1681 1331 1780 fore
1358 1704 1583 1804 existimavi,
1595 1707 1633 1783 ‘sr
1650 1709 1839 1804 ‚mathesin
1858 1710 2003 1790 infinito
2021 1729 2145 1784 carere

452 1856 573 1955 „posse
600 1853 845 1939 ostenderem,
871 1843 1174 1944 vastissrmumque
1198 1869 1241 1922 ac
1263 1847 1430 1924 maxime
1456 1820 1648 1927 sublimem
1669 1849 1753 1951 ejus
1771 1864 1916 1953 partem
1934 1854 1984 1931 ad
2012 1851 2145 1928 eadem

477 2001 655 2123 principia
684 1997 926 2081 reducerem,
975 1993 1110 2090 quibus
1132 2001 1304 2068 veterum
1334 1989 1487 2068 inventa
1524 1959 1692 2071 nituirtur
1704 2019 1716 2090 ;
1762 2019 1920 2101 quorum
1957 2017 2044 2074 vero
2082 1996 2142 2074 vel

476 2114 830 2280 opem'qecentiores
854 2133 1017 2236 plerique
1041 2133 1136 2234 justo
1156 2131 1266 2211 vilius
1286 2133 1512 2232 penderunt,
1545 2135 1606 2216 vel
1633 2137 1837 2217 soecundati
1860 2141 2017 2220 nimium
2039 2139 2143 2221 diffisi
2263 2144 2266 2152 “

474 2287 568 2366 sunt.
603 2315 605 2320 ’
1653 2328 1657 2336 ·
1710 2293 1714 2302 '

581 2408 762 2490 Evincere
786 2402 901 2506 igitur
928 2400 1087 2478 instinu:
1128 2399 1351 2489 methodum
1372 2401 1622 2481 exhaustionis
1647 2401 1709 2480 seu
1730 2402 1892 2484 limitum
1912 2405 1958 2486 ab
1980 2405 2142 2524 antiquis

475 2555 683 2640 excultam,
709 2547 748 2627 dr
772 2548 811 2624 in
837 2547 1030 2624 Eucrrurs
1050 2546 1252 2648 praesertim
1277 2555 1390 2646 atque
1414 2544 1711 2639 Ancnnnms,
1744 2571 1828 2649 quae
1849 2549 1897 2626 ad
1920 2574 1988 2628 nos
2014 2574 2142 2650 perve⁴
2199 2531 2211 2542 ’

442 2655 461 2684 ⁴
474 2720 582 2787 nere,
607 2693 747 2794 scriptis
766 2689 960 2779 traditam,
987 2689 1014 2764 sr
1039 2699 1288 2787 congruenter
1314 2689 1556 2778 extendatur,
1590 2713 1770 2780 novorum
1797 2693 2020 2771 calculomm
2043 2695 2143 2796 prin·

472 2841 576 2943 cipiis
597 2836 708 2915 solide
731 2857 775 2910 ac
795 2832 955 2910 dilucide
976 2830 1200 2910 stabiliendis
1218 2829 1394 2912 sufficere.
1454 2833 1601 2920 Honor,
1628 2854 1740 2931 quern
1766 2835 1913 2910 illustris
1933 2835 2140 2913 Academia
2189 2808 2194 2818 ¹

471 2983 622 3062 conatui
646 3003 731 3064 meo
757 2974 916 3066 detulit,
946 2977 1080 3056 utilem
1102 3000 1190 3055 eum
1213 2977 1283 3054 esse
1303 2978 1397 3057 mihi
1424 2971 1616 3078 persuafit3
1653 2985 1765 3074 atque
1789 2978 1838 3054 ad
1859 2975 2045 3076 objettum
2069 2976 2141 3056 hoc
2260 2999 2263 3008 ·

464 3129 624 3218 arduum
646 3122 751 3203 novis
779 3120 878 3196 curis
902 3121 1152 3214 nudandum,
1184 3120 1554 3219 Dissertationemque
1584 3118 1623 3198 dc
1647 3129 1812 3219 tempore
1839 3121 1949 3200 nimis
1970 3122 2074 3203 brevi
2098 3121 2139 3200 dt

387 3283 390 3296 '
465 3272 549 3346 loco
573 3267 698 3343 minus
720 3259 916 3340 commodo
934 3263 1174 3365 conscriptam
1194 3260 1457 3364 perficiendam
1476 3285 1538 3338 me
1555 3233 1819 3340 exstimulavit.

570 3408 759 3507 Scriptum
783 3423 931 3494 meum,
959 3408 1059 3504 quod
1082 3429 1222 3486 novum
1239 3403 1422 3508 appellare
1440 3403 1536 3504 posse
1559 3409 1688 3497 credo,
1714 3407 1809 3508 juris
1825 3405 1963 3510 publici
1985 3430 2031 3483 eo
2052 3430 2140 3483 con·

468 3551 646 3648 fidentius
669 3544 783 3636 facio,
815 3547 916 3664 quod
941 3516 1059 3646 judici
1082 3575 1157 3627 non
1185 3550 1390 3646 incongruo
1411 3551 1485 3628 suit
1507 3551 1715 3650 probatum.
1777 3551 1918 3652 Turbes
1940 3548 2037 3626 inter
2052 3545 2138 3623 satis
2185 3543 2188 3550 ’

466 3693 562 3797 proh
580 3693 683 3769 dolor
707 3705 833 3779 notas,
857 3692 991 3788 quibus
1006 3693 1125 3794 patria
1144 3715 1228 3770 mea
1245 3693 1319 3770 suit
1334 3693 1542 3791 exagitata,
1568 3693 1836 3794 tranquillitate
1854 3690 1968 3772 animi
1989 3689 2038 3766 ad
2059 3711 2139 3766 me·

270 3883 273 3892 .
403 3923 406 3930 ,
469 3836 665 3916 ditandum
698 3832 894 3912 necessaria
922 3833 996 3911 frui
1023 3861 1099 3914 non
1130 3844 1308 3936 poteram.
1377 3833 1537 3916 Amicus
1566 3857 1695 3925 meus,
1739 3837 1811 3913 Dn.
1836 3835 2136 3938 primumn,

467 3980 584 4076 Phys.
607 3977 647 4055 dt
668 3977 787 4056 Math.
805 3975 903 4053 Pros.
926 3976 965 4056 in
983 3941 1227 4060 Univerlitate
1241 3977 1484 4078 Tubingenfi,
1509 3979 1697 4077 refugium
1718 3977 1812 4054 mihi
1834 3976 1958 4056 secum
1979 3955 2138 4058 obtulit:

466 4123 532 4212 ubi
563 4121 690 4206 studiis
720 4121 768 4200 ad
795 4120 973 4199 levandos
1000 4123 1146 4201 dolores
1167 4124 1362 4216 intentus,
1399 4145 1484 4224 quae
1507 4123 1556 4200 ad
1584 4145 1720 4200 novam
1748 4121 2014 4202 Dissertationis
2039 4143 2134 4200 mete

218 4253 235 4270 ”
338 4291 339 4296 ¹
468 4265 690 4354 editionem,
706 4263 849 4341 dudum
863 4264 1096 4343 necessariam
1107 4265 1241 4356 visam,
1267 4263 1412 4368 sparsim
1428 4287 1739 4370 praeparaveram,
1759 4267 1799 4344 in
1812 4266 1981 4343 ordinem
1994 4261 2133 4360 ‚redegi

465 4407 505 4486 dt
528 4429 615 4483 cum
637 4406 757 4483 amico
779 4407 1066 4497 communicavi,
1093 4405 1279 4508 ipsiusque
1299 4408 1571 4487 observationes
1589 4409 1773 4501 consului3
1812 4430 1888 4505 quo
1907 4405 2042 4484 fastum
2063 4405 2133 4484 eise

408 4615 410 4620 ,
464 4525 586 4651 spero,
610 4562 676 4639 ut,
703 4549 802 4649 quod
823 4552 969 4650 publico
986 4573 1087 4628 nunc
1107 4549 1240 4641 offero,
1265 4551 1439 4653 scriptum
1464 4551 1557 4629 utile
1581 4550 1627 4629 srt
1650 4535 1720 4629 nec
1739 4547 1823 4647 ejus
1842 4548 2050 4628 attentione
2074 4549 2132 4628 iu·

463 4695 630 4792 dignum.
1887 4781 1890 4788 Δ

559 4839 672 4940 Juxta
695 4834 865 4934 ejusdem
886 4841 997 4917 amici
1017 4864 1082 4942 per
1100 4840 1227 4919 literas
1242 4847 1354 4916 antea
1370 4838 1448 4939 jam
1465 4839 1943 4928 mecumcommunicatas,
1969 4857 2129 4914 necnon

459 4981 544 5062 Dni.
561 4981 768 5072 Pruvosr,
800 4981 899 5061 Prof.
923 4981 1325 5070 Philosuenevenns,
1357 4979 1396 5058 in
1416 4978 1712 5062 Difl‘ertationem
1740 5007 1864 5094 meam
1884 4981 2038 5084 praemio
2066 4999 2124 5055 or-

922 5130 926 5138 '
1254 5121 1263 5136 ”
1992 5123 2129 5196 'natam
